
<record>
  <leader>01421cz  a2200325n  4500</leader>
  <controlfield tag="001">2858096</controlfield>
  <controlfield tag="003">DLC</controlfield>
  <controlfield tag="005">20200104073413.0</controlfield>
  <controlfield tag="008">811220nc azannaabn          |b aaa      </controlfield>
  <datafield tag="010" ind1=" " ind2=" ">
    <subfield code="a">n  81125356 </subfield>
  </datafield>
  <datafield tag="035" ind1=" " ind2=" ">
    <subfield code="a">(OCoLC)oca00670270</subfield>
  </datafield>
  <datafield tag="040" ind1=" " ind2=" ">
    <subfield code="a">DLC</subfield>
    <subfield code="b">eng</subfield>
    <subfield code="e">rda</subfield>
    <subfield code="c">DLC</subfield>
    <subfield code="d">DLC</subfield>
    <subfield code="d">OCoLC</subfield>
    <subfield code="d">DLC-R</subfield>
    <subfield code="d">OCoLC</subfield>
    <subfield code="d">HkUST</subfield>
    <subfield code="d">IEN</subfield>
    <subfield code="d">InU</subfield>
    <subfield code="d">MH</subfield>
  </datafield>
  <datafield tag="046" ind1=" " ind2=" ">
    <subfield code="f">1901-01-23</subfield>
    <subfield code="g">1990</subfield>
    <subfield code="2">edtf</subfield>
  </datafield>
  <datafield tag="100" ind1="1" ind2=" ">
    <subfield code="a">Tang, Guizhang</subfield>
  </datafield>
  <datafield tag="400" ind1="1" ind2=" ">
    <subfield code="w">nne</subfield>
    <subfield code="a">Tʻang, Kuei-chang</subfield>
  </datafield>
  <datafield tag="400" ind1="1" ind2=" ">
    <subfield code="a">唐圭璋</subfield>
  </datafield>
  <datafield tag="400" ind1="1" ind2=" ">
    <subfield code="a">Tang, Jite</subfield>
  </datafield>
  <datafield tag="400" ind1="1" ind2=" ">
    <subfield code="a">唐季特</subfield>
  </datafield>
  <datafield tag="400" ind1="1" ind2=" ">
    <subfield code="a">Tang, Shizhang</subfield>
  </datafield>
  <datafield tag="400" ind1="1" ind2=" ">
    <subfield code="a">Tʻang, Shih-chang</subfield>
  </datafield>
  <datafield tag="667" ind1=" " ind2=" ">
    <subfield code="a">Machine-derived non-Latin script reference project.</subfield>
  </datafield>
  <datafield tag="667" ind1=" " ind2=" ">
    <subfield code="a">Non-Latin script references not evaluated.</subfield>
  </datafield>
  <datafield tag="667" ind1=" " ind2=" ">
    <subfield code="a">Non-Latin script references reviewed in NACO CJK Funnel References Project.</subfield>
  </datafield>
  <datafield tag="670" ind1=" " ind2=" ">
    <subfield code="a">Author&apos;s Hsin Chʻi-chi, 1957:</subfield>
    <subfield code="b">t.p. (唐圭璋 = Tʻang Kuei-chang)</subfield>
  </datafield>
  <datafield tag="670" ind1=" " ind2=" ">
    <subfield code="a">His Meng tʻung tzʻu, 1987:</subfield>
    <subfield code="b">t.p. (唐圭璋 = Tʻang Kuei-chang) p. 131 (b. 1/23/1901; stated in his autobiography)</subfield>
  </datafield>
  <datafield tag="670" ind1=" " ind2=" ">
    <subfield code="a">Ci xue de hui huang, 2001:</subfield>
    <subfield code="b">t.p. (唐圭璋 = Tang Guizhang) editor&apos;s pref. (zi 季特 = Jite; 1901-1990; Formerly prof. of Zhong yang da xue, Jinling da xue, Nanjing da xue ... etc.)</subfield>
  </datafield>
  <datafield tag="670" ind1=" " ind2=" ">
    <subfield code="a">Info. converted from 678, 2012-10-02</subfield>
    <subfield code="b">(b. 1899)</subfield>
  </datafield>
  <datafield tag="670" ind1=" " ind2=" ">
    <subfield code="a">LC database, November 18, 2019</subfield>
    <subfield code="b">(access point: 唐圭璋 = Tang, Guizhang; usage: 唐圭璋 = Tang Guizhang)</subfield>
  </datafield>
  <datafield tag="952" ind1=" " ind2=" ">
    <subfield code="a">RETRO</subfield>
  </datafield>
  <datafield tag="953" ind1=" " ind2=" ">
    <subfield code="a">xx00</subfield>
    <subfield code="b">bl01</subfield>
  </datafield>
</record>