
<record>
  <leader>02350cz  a2200457n  4500</leader>
  <controlfield tag="001">2867771</controlfield>
  <controlfield tag="003">DLC</controlfield>
  <controlfield tag="005">20200104073417.0</controlfield>
  <controlfield tag="008">820621nc azannaabn          |b aaa      </controlfield>
  <datafield tag="010" ind1=" " ind2=" ">
    <subfield code="a">n  82071596 </subfield>
  </datafield>
  <datafield tag="035" ind1=" " ind2=" ">
    <subfield code="a">(OCoLC)oca00768379</subfield>
  </datafield>
  <datafield tag="040" ind1=" " ind2=" ">
    <subfield code="a">DLC</subfield>
    <subfield code="b">eng</subfield>
    <subfield code="e">rda</subfield>
    <subfield code="c">DLC</subfield>
    <subfield code="d">NjP</subfield>
    <subfield code="d">OCoLC</subfield>
    <subfield code="d">InU</subfield>
    <subfield code="d">MH</subfield>
  </datafield>
  <datafield tag="046" ind1=" " ind2=" ">
    <subfield code="f">0685</subfield>
    <subfield code="g">0762</subfield>
    <subfield code="2">edtf</subfield>
  </datafield>
  <datafield tag="100" ind1="0" ind2=" ">
    <subfield code="a">Tang Xuanzong,</subfield>
    <subfield code="c">Emperor of China,</subfield>
    <subfield code="d">685-762</subfield>
  </datafield>
  <datafield tag="400" ind1="0" ind2=" ">
    <subfield code="w">nne</subfield>
    <subfield code="a">Tʻang Hsüan-tsung,</subfield>
    <subfield code="c">Emperor of China,</subfield>
    <subfield code="d">685-762</subfield>
  </datafield>
  <datafield tag="400" ind1="0" ind2=" ">
    <subfield code="a">Tang Yuanzong,</subfield>
    <subfield code="c">Emperor of China,</subfield>
    <subfield code="d">685-762</subfield>
  </datafield>
  <datafield tag="400" ind1="1" ind2=" ">
    <subfield code="a">Li, Longji,</subfield>
    <subfield code="c">Emperor of China,</subfield>
    <subfield code="d">685-762</subfield>
  </datafield>
  <datafield tag="400" ind1="0" ind2=" ">
    <subfield code="a">Tang Minghuang,</subfield>
    <subfield code="c">Emperor of China,</subfield>
    <subfield code="d">685-762</subfield>
  </datafield>
  <datafield tag="400" ind1="0" ind2=" ">
    <subfield code="a">Xuan Zong,</subfield>
    <subfield code="c">Emperor of China,</subfield>
    <subfield code="d">685-762</subfield>
  </datafield>
  <datafield tag="400" ind1="0" ind2=" ">
    <subfield code="a">Xiantian,</subfield>
    <subfield code="c">Emperor of China,</subfield>
    <subfield code="d">685-762</subfield>
  </datafield>
  <datafield tag="400" ind1="0" ind2=" ">
    <subfield code="a">Kaiyuan,</subfield>
    <subfield code="c">Emperor of China,</subfield>
    <subfield code="d">685-762</subfield>
  </datafield>
  <datafield tag="400" ind1="0" ind2=" ">
    <subfield code="a">Tianbao,</subfield>
    <subfield code="c">Emperor of China,</subfield>
    <subfield code="d">685-762</subfield>
  </datafield>
  <datafield tag="400" ind1="0" ind2=" ">
    <subfield code="a">Zhidaodashengdamingxiaohuangdi,</subfield>
    <subfield code="c">Emperor of China,</subfield>
    <subfield code="d">685-762</subfield>
  </datafield>
  <datafield tag="400" ind1="1" ind2=" ">
    <subfield code="a">Li, Lung-chi,</subfield>
    <subfield code="c">Emperor of China,</subfield>
    <subfield code="d">685-762</subfield>
  </datafield>
  <datafield tag="400" ind1="0" ind2=" ">
    <subfield code="a">Tʻang Ming-huang,</subfield>
    <subfield code="c">Emperor of China,</subfield>
    <subfield code="d">685-762</subfield>
  </datafield>
  <datafield tag="400" ind1="0" ind2=" ">
    <subfield code="a">Ming Huang,</subfield>
    <subfield code="c">Emperor of China,</subfield>
    <subfield code="d">685-762</subfield>
  </datafield>
  <datafield tag="400" ind1="0" ind2=" ">
    <subfield code="a">Hsüan Tsung,</subfield>
    <subfield code="c">Emperor of China,</subfield>
    <subfield code="d">685-762</subfield>
  </datafield>
  <datafield tag="400" ind1="0" ind2=" ">
    <subfield code="a">Ming Hwang,</subfield>
    <subfield code="c">Emperor of China,</subfield>
    <subfield code="d">685-762</subfield>
  </datafield>
  <datafield tag="400" ind1="0" ind2=" ">
    <subfield code="a">Hsien-tʻien,</subfield>
    <subfield code="c">Emperor of China,</subfield>
    <subfield code="d">685-762</subfield>
  </datafield>
  <datafield tag="400" ind1="0" ind2=" ">
    <subfield code="a">Kʻai-yüan,</subfield>
    <subfield code="c">Emperor of China,</subfield>
    <subfield code="d">685-762</subfield>
  </datafield>
  <datafield tag="400" ind1="0" ind2=" ">
    <subfield code="a">Tʻien-pao,</subfield>
    <subfield code="c">Emperor of China,</subfield>
    <subfield code="d">685-762</subfield>
  </datafield>
  <datafield tag="400" ind1="0" ind2=" ">
    <subfield code="a">Chih-tao-ta-sheng-ta-ming-hsiao-huang-ti,</subfield>
    <subfield code="c">Emperor of China,</subfield>
    <subfield code="d">685-762</subfield>
  </datafield>
  <datafield tag="400" ind1="0" ind2=" ">
    <subfield code="a">唐玄宗,</subfield>
    <subfield code="c">Emperor of China,</subfield>
    <subfield code="d">685-762</subfield>
  </datafield>
  <datafield tag="667" ind1=" " ind2=" ">
    <subfield code="a">Machine-derived non-Latin script reference project.</subfield>
  </datafield>
  <datafield tag="667" ind1=" " ind2=" ">
    <subfield code="a">Non-Latin script references not evaluated.</subfield>
  </datafield>
  <datafield tag="667" ind1=" " ind2=" ">
    <subfield code="a">Non-Latin script references reviewed in NACO CJK Funnel References Project.</subfield>
  </datafield>
  <datafield tag="670" ind1=" " ind2=" ">
    <subfield code="a">Soulie, C. G. Le passion de Yang ...</subfield>
  </datafield>
  <datafield tag="670" ind1=" " ind2=" ">
    <subfield code="a">Tʻang Ming-huang, 1992:</subfield>
    <subfield code="b">t.p. verso (Tang Ming Huang [in rom.]) p. 371, etc. (b. 8/5/Chʻui-kung 1 (685), Lo-yang; name: Li Lung-chi; ascended the throne, Hsien-tʻien 1 (712); chg. reign name to Kʻai-yüan, 713 ... then to Tʻien-pao, 742; d. Pao-ying 1 (762); posth. Chih-tao-ta-sheng-ta-ming-hsiao-huang-ti; temple name Hsüan-tsung)</subfield>
  </datafield>
  <datafield tag="670" ind1=" " ind2=" ">
    <subfield code="a">OCLC #23335019, November 8, 2019</subfield>
    <subfield code="b">(access point: 唐玄宗, Emperor of China, 685-762 = Tang Xuanzong, Emperor of China, 685-762; usage: 唐玄宗 = Tang Xuanzong)</subfield>
  </datafield>
  <datafield tag="952" ind1=" " ind2=" ">
    <subfield code="a">RETRO</subfield>
  </datafield>
  <datafield tag="953" ind1=" " ind2=" ">
    <subfield code="a">xx00</subfield>
  </datafield>
</record>