
<record>
  <leader>01084cz  a2200265n  4500</leader>
  <controlfield tag="001">2876637</controlfield>
  <controlfield tag="003">DLC</controlfield>
  <controlfield tag="005">20200104073419.0</controlfield>
  <controlfield tag="008">821214n| azannaabn          |b aaa      </controlfield>
  <datafield tag="010" ind1=" " ind2=" ">
    <subfield code="a">n  82162316 </subfield>
    <subfield code="z">no2012101897</subfield>
  </datafield>
  <datafield tag="035" ind1=" " ind2=" ">
    <subfield code="a">(OCoLC)oca00858229</subfield>
  </datafield>
  <datafield tag="040" ind1=" " ind2=" ">
    <subfield code="a">DLC</subfield>
    <subfield code="b">eng</subfield>
    <subfield code="e">rda</subfield>
    <subfield code="c">DLC</subfield>
    <subfield code="d">OCoLC</subfield>
    <subfield code="d">NjP-G</subfield>
    <subfield code="d">DLC</subfield>
    <subfield code="d">CaLaUCEA</subfield>
  </datafield>
  <datafield tag="046" ind1=" " ind2=" ">
    <subfield code="f">1943</subfield>
  </datafield>
  <datafield tag="100" ind1="1" ind2=" ">
    <subfield code="a">Ōtake, Yōko,</subfield>
    <subfield code="d">1943-</subfield>
  </datafield>
  <datafield tag="375" ind1=" " ind2=" ">
    <subfield code="a">female</subfield>
  </datafield>
  <datafield tag="377" ind1=" " ind2=" ">
    <subfield code="a">jpn</subfield>
  </datafield>
  <datafield tag="400" ind1="1" ind2=" ">
    <subfield code="a">大嶽洋子,</subfield>
    <subfield code="d">1943-</subfield>
  </datafield>
  <datafield tag="400" ind1="1" ind2=" ">
    <subfield code="a">大岳洋子,</subfield>
    <subfield code="d">1943-</subfield>
  </datafield>
  <datafield tag="667" ind1=" " ind2=" ">
    <subfield code="a">Machine-derived non-Latin script reference project.</subfield>
  </datafield>
  <datafield tag="667" ind1=" " ind2=" ">
    <subfield code="a">Non-Latin script reference not evaluated.</subfield>
  </datafield>
  <datafield tag="667" ind1=" " ind2=" ">
    <subfield code="a">Non-Latin script reference reviewed in NACO CJK Funnel References Project.</subfield>
  </datafield>
  <datafield tag="670" ind1=" " ind2=" ">
    <subfield code="a">Kuromori e, 1981:</subfield>
    <subfield code="b">t.p. (Ōtake Yōko) colophon (r; b. 1943)</subfield>
  </datafield>
  <datafield tag="670" ind1=" " ind2=" ">
    <subfield code="a">Senshuaru na Akiko ka? Sorekara no Akiko ka?, 2010:</subfield>
    <subfield code="b">t.p. (大岳洋子 = Ōtake Yōko) colophon (r.; b. Shōwa 18 in Ehime-ken)</subfield>
  </datafield>
  <datafield tag="670" ind1=" " ind2=" ">
    <subfield code="a">OCLC #17069535, January 3, 2020</subfield>
    <subfield code="b">(access point: 大嶽洋子, 1943- = Ōtake, Yōko, 1943- ; usage: 大嶽洋子 = Ōtake Yōko)</subfield>
  </datafield>
  <datafield tag="953" ind1=" " ind2=" ">
    <subfield code="a">eg12</subfield>
    <subfield code="b">td03</subfield>
  </datafield>
</record>