
<record>
  <leader>02069cz  a2200253n  4500</leader>
  <controlfield tag="001">2883334</controlfield>
  <controlfield tag="003">DLC</controlfield>
  <controlfield tag="005">20200104073637.0</controlfield>
  <controlfield tag="008">830801n| azannaabn          |a aaa      </controlfield>
  <datafield tag="010" ind1=" " ind2=" ">
    <subfield code="a">n  83012836 </subfield>
  </datafield>
  <datafield tag="035" ind1=" " ind2=" ">
    <subfield code="a">(OCoLC)oca00907160</subfield>
  </datafield>
  <datafield tag="040" ind1=" " ind2=" ">
    <subfield code="a">DLC</subfield>
    <subfield code="b">eng</subfield>
    <subfield code="e">rda</subfield>
    <subfield code="c">DLC</subfield>
    <subfield code="d">OU</subfield>
  </datafield>
  <datafield tag="046" ind1=" " ind2=" ">
    <subfield code="f">1904-02-23</subfield>
    <subfield code="g">2003-01-07</subfield>
    <subfield code="2">edtf</subfield>
  </datafield>
  <datafield tag="100" ind1="1" ind2=" ">
    <subfield code="a">Beyreuther, Erich,</subfield>
    <subfield code="d">1904-2003</subfield>
  </datafield>
  <datafield tag="370" ind1=" " ind2=" ">
    <subfield code="a">Röslau (Germany)</subfield>
  </datafield>
  <datafield tag="370" ind1=" " ind2=" ">
    <subfield code="b">Schriesheim (Germany)</subfield>
    <subfield code="c">Germany</subfield>
    <subfield code="2">naf</subfield>
  </datafield>
  <datafield tag="374" ind1=" " ind2=" ">
    <subfield code="a">Clergy</subfield>
    <subfield code="a">Theologians</subfield>
    <subfield code="a">College teachers</subfield>
    <subfield code="2">lcsh</subfield>
  </datafield>
  <datafield tag="375" ind1=" " ind2=" ">
    <subfield code="a">Males</subfield>
    <subfield code="2">lcdgt</subfield>
  </datafield>
  <datafield tag="378" ind1=" " ind2=" ">
    <subfield code="q">Walter Hans Erich</subfield>
  </datafield>
  <datafield tag="400" ind1="1" ind2=" ">
    <subfield code="a">Beyreuther, Walter Hans Erich,</subfield>
    <subfield code="d">1904-2003</subfield>
  </datafield>
  <datafield tag="670" ind1=" " ind2=" ">
    <subfield code="a">His August Hermann Francke, c1956.</subfield>
  </datafield>
  <datafield tag="670" ind1=" " ind2=" ">
    <subfield code="a">Wikidata via Wikipedia, January 3, 2020</subfield>
    <subfield code="b">(alias: Erich Beyreuther, Walter Hans Erich Beyreuther; VIAF identifier: 109472083; GND identifier: 118510541; ISNI (P213): 0000000108599167; place of death: Schriesheim; country of citizenship: Germany; instance of: human; award received: Cross of the Order of Merit of the Federal Republic of Germany; employer: University of Erlangen-Nuremberg, Leipzig University; date of birth: +1904-02-23T00:00:00Z; date of death: +2003-01-07T00:00:00Z; occupation: theologian, university teacher; given name: Erich; LCAuth identifier: n83012836; Catalogus Professorum Lipsiensis ID (P3409): Beyreuther_1201; place of birth: Röslau; work location: Leipzig; SHARE Catalogue author ID (P3987): 206797; languages spoken or published: German; CONOR identifier: 85028451; BNE identifier: XX1721721; NTA identifier (Netherlands): 071164812; Angelicum author ID (P5731): 53728; religion: Lutheranism; SUDOC authorities: 094129282; BnF identifier: 12059336g; sex or gender: male; NKC identifier: jn19990000769; PUSC author ID (P5739): 8273; NUKAT authorities: n98080603; description/label: deutscher lutherischer Theologe auf dem Gebiet der Kirchengeschichte, diagaire Gearmánach, Duits theoloog , German theologian, professor académico alemão, teólogo alemán, tysk professor)</subfield>
    <subfield code="u">http://www.wikidata.org/entity/Q1351960</subfield>
  </datafield>
  <datafield tag="952" ind1=" " ind2=" ">
    <subfield code="a">RETRO</subfield>
  </datafield>
  <datafield tag="953" ind1=" " ind2=" ">
    <subfield code="a">xx00</subfield>
  </datafield>
</record>