
<record>
  <leader>01976cz  a2200421n  4500</leader>
  <controlfield tag="001">2902299</controlfield>
  <controlfield tag="003">DLC</controlfield>
  <controlfield tag="005">20200104073505.0</controlfield>
  <controlfield tag="008">840416nc azannaabn          |b aaa      </controlfield>
  <datafield tag="010" ind1=" " ind2=" ">
    <subfield code="a">n  84028216 </subfield>
  </datafield>
  <datafield tag="035" ind1=" " ind2=" ">
    <subfield code="a">(OCoLC)oca01091177</subfield>
  </datafield>
  <datafield tag="040" ind1=" " ind2=" ">
    <subfield code="a">DLC</subfield>
    <subfield code="b">eng</subfield>
    <subfield code="e">rda</subfield>
    <subfield code="c">DLC</subfield>
    <subfield code="d">DLC</subfield>
    <subfield code="d">NjP</subfield>
    <subfield code="d">DLC</subfield>
    <subfield code="d">OCoLC</subfield>
    <subfield code="d">UPB</subfield>
    <subfield code="d">HkUST</subfield>
    <subfield code="d">DLC</subfield>
    <subfield code="d">MH</subfield>
  </datafield>
  <datafield tag="046" ind1=" " ind2=" ">
    <subfield code="f">19110225</subfield>
    <subfield code="g">19920828</subfield>
  </datafield>
  <datafield tag="100" ind1="1" ind2=" ">
    <subfield code="a">Tan, Qixiang</subfield>
  </datafield>
  <datafield tag="370" ind1=" " ind2=" ">
    <subfield code="a">Zhejiang Sheng, China</subfield>
  </datafield>
  <datafield tag="373" ind1=" " ind2=" ">
    <subfield code="a">Fudan da xue</subfield>
  </datafield>
  <datafield tag="374" ind1=" " ind2=" ">
    <subfield code="a">professor</subfield>
    <subfield code="a">geographer</subfield>
    <subfield code="a">cartographer</subfield>
    <subfield code="a">topographer</subfield>
  </datafield>
  <datafield tag="375" ind1=" " ind2=" ">
    <subfield code="a">male</subfield>
  </datafield>
  <datafield tag="377" ind1=" " ind2=" ">
    <subfield code="a">chi</subfield>
  </datafield>
  <datafield tag="400" ind1="1" ind2=" ">
    <subfield code="w">nne</subfield>
    <subfield code="a">Tʻan, Chʻi-hsiang</subfield>
  </datafield>
  <datafield tag="400" ind1="1" ind2=" ">
    <subfield code="a">Tan, Jilong</subfield>
  </datafield>
  <datafield tag="400" ind1="1" ind2=" ">
    <subfield code="a">Tan, Qi Xiang</subfield>
  </datafield>
  <datafield tag="400" ind1="1" ind2=" ">
    <subfield code="a">Tan, Qixiang,</subfield>
    <subfield code="d">1911-1992</subfield>
  </datafield>
  <datafield tag="400" ind1="1" ind2=" ">
    <subfield code="a">Xiang, Tan Qi</subfield>
  </datafield>
  <datafield tag="400" ind1="1" ind2=" ">
    <subfield code="a">譚其驤</subfield>
  </datafield>
  <datafield tag="400" ind1="1" ind2=" ">
    <subfield code="a">谭季龙</subfield>
  </datafield>
  <datafield tag="400" ind1="1" ind2=" ">
    <subfield code="a">谭其骧</subfield>
  </datafield>
  <datafield tag="667" ind1=" " ind2=" ">
    <subfield code="a">Machine-derived non-Latin script reference project.</subfield>
  </datafield>
  <datafield tag="667" ind1=" " ind2=" ">
    <subfield code="a">Non-Latin script references not evaluated.</subfield>
  </datafield>
  <datafield tag="667" ind1=" " ind2=" ">
    <subfield code="a">Non-Latin script references reviewed in NACO CJK Funnel References Project.</subfield>
  </datafield>
  <datafield tag="670" ind1=" " ind2=" ">
    <subfield code="a">Chung-kuo li shih ti tʻu chi, 1982- :</subfield>
    <subfield code="b">v. 1, t.p. (谭其骧 = Tʻan Chʻi-hsiang; Prof. Tan Qi Xiang [in rom.])</subfield>
  </datafield>
  <datafield tag="670" ind1=" " ind2=" ">
    <subfield code="a">Chung-kuo li tai ti li hsüeh chia pʻing chuan, 1990-1993:</subfield>
    <subfield code="b">v. 1-3, t.p. (谭其骧 = Tʻan Chʻi-hsiang) v. 3, postscript (d. 8-28-1992)</subfield>
  </datafield>
  <datafield tag="670" ind1=" " ind2=" ">
    <subfield code="a">Yu yu chʻang shui, 1997:</subfield>
    <subfield code="b">t.p. (谭其骧 = Tʻan Chʻi-hsiang) port. (Feb. 25, 1911-Aug. 28, 1992)</subfield>
  </datafield>
  <datafield tag="670" ind1=" " ind2=" ">
    <subfield code="a">World Biographical Information System viewed Mar. 17, 2011:</subfield>
    <subfield code="b">(Tan Qixiang, b. 1911, d. 1992; male; geographer; cartographer; topographer)</subfield>
  </datafield>
  <datafield tag="670" ind1=" " ind2=" ">
    <subfield code="a">baike.baidu via www viewed Mar. 17, 2011:</subfield>
    <subfield code="b">(谭其骧 = Tan Qixiang, 2/25/1911 - 8/28/1992; male; native of Zhejiang Jiashan; zi 季龙 = Jilong; pen name 禾子 = Hezi; professor of Fudan da xue)</subfield>
  </datafield>
  <datafield tag="670" ind1=" " ind2=" ">
    <subfield code="a">Changshui ji , 1987:</subfield>
    <subfield code="b">t.p. (谭其骧 = Tan Qixiang)</subfield>
  </datafield>
  <datafield tag="670" ind1=" " ind2=" ">
    <subfield code="a">LC database, November 5, 2019</subfield>
    <subfield code="b">(access point: 谭其骧 = Tan, Qixiang; usage: 谭其骧 = Tan Qixiang)</subfield>
  </datafield>
  <datafield tag="953" ind1=" " ind2=" ">
    <subfield code="a">bl04</subfield>
    <subfield code="b">yb08</subfield>
  </datafield>
</record>