
<record>
  <leader>01394cz  a2200289n  4500</leader>
  <controlfield tag="001">2907425</controlfield>
  <controlfield tag="003">DLC</controlfield>
  <controlfield tag="005">20200104073456.0</controlfield>
  <controlfield tag="008">840904n| azannaabn          |b aaa      </controlfield>
  <datafield tag="010" ind1=" " ind2=" ">
    <subfield code="a">n  84099146 </subfield>
  </datafield>
  <datafield tag="035" ind1=" " ind2=" ">
    <subfield code="a">(OCoLC)oca01191708</subfield>
  </datafield>
  <datafield tag="040" ind1=" " ind2=" ">
    <subfield code="a">NjP</subfield>
    <subfield code="b">eng</subfield>
    <subfield code="e">rda</subfield>
    <subfield code="c">DLC</subfield>
    <subfield code="d">OCoLC</subfield>
    <subfield code="d">UkCU</subfield>
  </datafield>
  <datafield tag="046" ind1=" " ind2=" ">
    <subfield code="f">1898-02-01</subfield>
    <subfield code="g">1989-02-24</subfield>
    <subfield code="2">edtf</subfield>
  </datafield>
  <datafield tag="100" ind1="1" ind2=" ">
    <subfield code="a">Solonevich, Boris</subfield>
  </datafield>
  <datafield tag="370" ind1=" " ind2=" ">
    <subfield code="a">Grodnenskai︠a︡ gubernii︠a︡ (Belarus)</subfield>
    <subfield code="b">Glen Cove (N.Y.)</subfield>
    <subfield code="c">Russia</subfield>
    <subfield code="2">naf</subfield>
  </datafield>
  <datafield tag="372" ind1=" " ind2=" ">
    <subfield code="a">Literature</subfield>
    <subfield code="a">Europe, Eastern--Politics and government</subfield>
    <subfield code="2">lcsh</subfield>
  </datafield>
  <datafield tag="374" ind1=" " ind2=" ">
    <subfield code="a">Authors</subfield>
    <subfield code="2">lcsh</subfield>
  </datafield>
  <datafield tag="375" ind1=" " ind2=" ">
    <subfield code="a">Males</subfield>
    <subfield code="2">lcdgt</subfield>
  </datafield>
  <datafield tag="377" ind1=" " ind2=" ">
    <subfield code="a">rus</subfield>
    <subfield code="a">fre</subfield>
  </datafield>
  <datafield tag="378" ind1=" " ind2=" ">
    <subfield code="q">Boris Lukʹi︠a︡novich</subfield>
  </datafield>
  <datafield tag="400" ind1="1" ind2=" ">
    <subfield code="a">Solonevitch, Boris</subfield>
  </datafield>
  <datafield tag="400" ind1="1" ind2=" ">
    <subfield code="a">Солоневич, Борис</subfield>
  </datafield>
  <datafield tag="667" ind1=" " ind2=" ">
    <subfield code="a">Non-Latin script reference not evaluated.</subfield>
  </datafield>
  <datafield tag="670" ind1=" " ind2=" ">
    <subfield code="a">His Ruka admirala, 1942:</subfield>
    <subfield code="b">t.p. (Boris Solonevich) verso t.p. (Boris Solonevitch [in rom.])</subfield>
  </datafield>
  <datafield tag="670" ind1=" " ind2=" ">
    <subfield code="a">Solonevich, Boris. Breendonck, 1944:</subfield>
    <subfield code="b">title page (Dr Boris Solonevitch) page 57 (refers to his book La main de l&apos;amiral [= Ruka admirala])</subfield>
  </datafield>
  <datafield tag="670" ind1=" " ind2=" ">
    <subfield code="a">Wikipedia (Russian), January 3, 2020</subfield>
    <subfield code="b">(Борис Лукьянович Солоневич = Boris Lukʹi︠a︡novich Solonevich; born January 20 (Old Style)/February 1 (New Style), 1898 in Grodnenskai︠a︡ gubernii︠a︡; died February 24, 1989 in Glen Cove, New York; Russian writer and activist; author of Ruka admirala)</subfield>
  </datafield>
  <datafield tag="953" ind1=" " ind2=" ">
    <subfield code="a">bz63</subfield>
  </datafield>
</record>