
<record>
  <leader>04069cz  a2200313n  4500</leader>
  <controlfield tag="001">2914761</controlfield>
  <controlfield tag="003">DLC</controlfield>
  <controlfield tag="005">20200104073329.0</controlfield>
  <controlfield tag="008">850130n| azannaabn          |a aaa      </controlfield>
  <datafield tag="010" ind1=" " ind2=" ">
    <subfield code="a">n  84200016 </subfield>
  </datafield>
  <datafield tag="035" ind1=" " ind2=" ">
    <subfield code="a">(OCoLC)oca01265295</subfield>
  </datafield>
  <datafield tag="040" ind1=" " ind2=" ">
    <subfield code="a">DLC</subfield>
    <subfield code="b">eng</subfield>
    <subfield code="e">rda</subfield>
    <subfield code="c">DLC</subfield>
    <subfield code="d">DLC</subfield>
    <subfield code="d">CSt</subfield>
    <subfield code="d">OU</subfield>
  </datafield>
  <datafield tag="046" ind1=" " ind2=" ">
    <subfield code="f">1905-05-27</subfield>
    <subfield code="g">1995-11-21</subfield>
    <subfield code="2">edtf</subfield>
  </datafield>
  <datafield tag="100" ind1="1" ind2=" ">
    <subfield code="a">Steiner, Gerhard,</subfield>
    <subfield code="d">1905-1995</subfield>
  </datafield>
  <datafield tag="370" ind1=" " ind2=" ">
    <subfield code="c">Germany</subfield>
    <subfield code="2">naf</subfield>
  </datafield>
  <datafield tag="374" ind1=" " ind2=" ">
    <subfield code="a">Germanists</subfield>
    <subfield code="a">Literary historians</subfield>
    <subfield code="a">Critics</subfield>
    <subfield code="a">College teachers</subfield>
    <subfield code="a">Authors</subfield>
    <subfield code="2">lcsh</subfield>
  </datafield>
  <datafield tag="375" ind1=" " ind2=" ">
    <subfield code="a">Males</subfield>
    <subfield code="2">lcdgt</subfield>
  </datafield>
  <datafield tag="400" ind1="1" ind2=" ">
    <subfield code="a">Steiner,</subfield>
    <subfield code="d">1905-1995</subfield>
  </datafield>
  <datafield tag="670" ind1=" " ind2=" ">
    <subfield code="a">Forster, G. Ansichten vom Niederrhein, 1979:</subfield>
    <subfield code="b">verso t.p. (Gerhard Steiner)</subfield>
  </datafield>
  <datafield tag="670" ind1=" " ind2=" ">
    <subfield code="a">LC data base, 1-18-85</subfield>
    <subfield code="b">(hdg.: Steiner, Gerhard, 1905- )</subfield>
  </datafield>
  <datafield tag="670" ind1=" " ind2=" ">
    <subfield code="a">Die alte handwerkliche Papierherstellung, 2006:</subfield>
    <subfield code="b">t.p. (Steiner) foreword (Prof. Dr. Gerhard Steiner; Germanist, historian; d. between June 1995 and 2005)</subfield>
  </datafield>
  <datafield tag="670" ind1=" " ind2=" ">
    <subfield code="a">National Library of Lithuania via VIAF, Jan. 3, 2020</subfield>
    <subfield code="b">(preferred: Steiner, Gerhard 1905-1995; country: Germany; gender: Males; lang. code: deu; variant: Steiner, G.; biographical/historical: 1905 05 24-1995 11 21)</subfield>
    <subfield code="u">http://www.viaf.org/processed/LIH%7CLNB:Y_a_X;=B_o_</subfield>
  </datafield>
  <datafield tag="670" ind1=" " ind2=" ">
    <subfield code="a">National Library of France via VIAF, Jan. 3, 2020</subfield>
    <subfield code="b">(born: 1905-05-27; died: 1995-11-21; preferred: Steiner, Gerhard 1905-1995; country: Germany; field of activity: Ziegenhagen Franz Heinrich, Sickler Friedrich; gender: Males; lang. code: ger; note: Critique littéraire. - Professeur de littérature à l&apos;Université de Greifswald (1960-1970))</subfield>
    <subfield code="u">http://www.viaf.org/processed/BNF%7C12162193</subfield>
  </datafield>
  <datafield tag="670" ind1=" " ind2=" ">
    <subfield code="a">NUKAT Center of Warsaw University Library via VIAF, Jan. 3, 2020</subfield>
    <subfield code="b">(identifier: http://nukat.edu.pl/aut/n 97061984, 109327587, http://isni.org/isni/0000000116980355; born: 1905; died: 1995; preferred: Steiner, Gerhard (1905-1995).; field of activity: Hebbel, Friedrich, (1813-1863)., Sickler, Friedrich Karl Ludwig, (1773-1836).; occupation: Historycy literatury.; related: Forster, Johann Georg Adam, (1754-1794)., Häckel, Manfred., Lehmann, Wolfgang, (1930- )., Mann, Thomas, (1875-1955)., Märten, Lu.)</subfield>
    <subfield code="u">http://www.viaf.org/processed/NUKAT%7Cn  97061984</subfield>
  </datafield>
  <datafield tag="670" ind1=" " ind2=" ">
    <subfield code="a">German National Library via VIAF, Jan. 3, 2020</subfield>
    <subfield code="b">(identifier: http://d-nb.info/gnd/130304697; GAC: XA-DE; other class #: 12.1p sswd, 12.2p sswd, 6.7p sswd; preferred: Steiner, Gerhard 1905-1995; field of activity: Falke, Gustav, 1853-1916, Hildburghausen, Michaelis Familie, Hildburghausen, Sickler, Friedrich, 1773-1836, Schönfeld, Eduard, 1828-1891, Papiermühle Sachsendorf, Sachsenbrunn, Franken, Forster, Georg &lt;Schriftsteller, 1754-1794&gt;; gender: 1; related: Forster, Georg, 1754-1794, Häckel, Manfred, Mann, Thomas, 1875-1955, Märten, Lu, 1879-1970, Wickram, Jörg, 1505-1562)</subfield>
    <subfield code="u">http://www.viaf.org/processed/DNB%7C130304697</subfield>
  </datafield>
  <datafield tag="670" ind1=" " ind2=" ">
    <subfield code="a">National Library of the Czech Republic via VIAF, Jan. 3, 2020</subfield>
    <subfield code="b">(born: 1905; died: 1995; preferred: Steiner, Gerhard, 1905-1995; field of activity: Ephraim, Benjamin Veitel, 1742-1811.; related: Greiner-Mai, Herbert, 1927-1990, Häckel, Manfred, Lehmann, Wolfgang, Märten, Lu; biographical/historical: Německý historik.)</subfield>
    <subfield code="u">http://www.viaf.org/processed/NKC%7Cola2003172232</subfield>
  </datafield>
  <datafield tag="670" ind1=" " ind2=" ">
    <subfield code="a">Sudoc [ABES], France via VIAF, Jan. 3, 2020</subfield>
    <subfield code="b">(identifier: 0000000116980355; born: 1905-05-27; died: 1995-11-21; preferred: Steiner, Gerhard, 1905-1995; field of activity: Frölich, Carl Wilhelm, (1759-1828)., Frölich, Henriette, (1768-1833).; related: Forster, Georg, (1754-1794)., Häckel, Manfred, (1927-1972).; history: Critique littéraire. Professeur de littérature à l&apos;Université de Greifswald (1960-1970))</subfield>
    <subfield code="u">http://www.viaf.org/processed/SUDOC%7C058937862</subfield>
  </datafield>
  <datafield tag="670" ind1=" " ind2=" ">
    <subfield code="a">National Library of Latvia via VIAF, Jan. 3, 2020</subfield>
    <subfield code="b">(identifier: 0000000116980355; preferred: Steiner, Gerhard, 1905-1995; field of activity: Literatūra -- Vēsture un kritika; occupation: Literatūrvēsturnieks, Rakstnieks, Ģermānists; gender: vīrietis; lang. code: ger; related: Lehmann, Wolfgang)</subfield>
    <subfield code="u">http://www.viaf.org/processed/LNB%7CLNC10-000251864</subfield>
  </datafield>
  <datafield tag="953" ind1=" " ind2=" ">
    <subfield code="a">ec16</subfield>
  </datafield>
</record>