
<record>
  <leader>01151cz  a2200277n  4500</leader>
  <controlfield tag="001">2915987</controlfield>
  <controlfield tag="003">DLC</controlfield>
  <controlfield tag="005">20200104073458.0</controlfield>
  <controlfield tag="008">841227n| azannaabn          |b aaa      </controlfield>
  <datafield tag="010" ind1=" " ind2=" ">
    <subfield code="a">n  84215506 </subfield>
  </datafield>
  <datafield tag="035" ind1=" " ind2=" ">
    <subfield code="a">(OCoLC)oca01239639</subfield>
  </datafield>
  <datafield tag="040" ind1=" " ind2=" ">
    <subfield code="a">DLC</subfield>
    <subfield code="b">eng</subfield>
    <subfield code="e">rda</subfield>
    <subfield code="c">DLC</subfield>
    <subfield code="d">OCoLC</subfield>
    <subfield code="d">DLC</subfield>
    <subfield code="d">MH</subfield>
  </datafield>
  <datafield tag="053" ind1=" " ind2="0">
    <subfield code="a">ML410.T158</subfield>
    <subfield code="c">Biography</subfield>
  </datafield>
  <datafield tag="100" ind1="1" ind2=" ">
    <subfield code="a">Tan, Xiaolin,</subfield>
    <subfield code="d">1911-1948</subfield>
  </datafield>
  <datafield tag="400" ind1="1" ind2=" ">
    <subfield code="w">nne</subfield>
    <subfield code="a">Tʻan, Hsiao-lin,</subfield>
    <subfield code="d">1911-1948</subfield>
  </datafield>
  <datafield tag="400" ind1="1" ind2=" ">
    <subfield code="a">Tan, Zhaoguang,</subfield>
    <subfield code="d">1911-1948</subfield>
  </datafield>
  <datafield tag="400" ind1="1" ind2=" ">
    <subfield code="a">Tʻan, Chao-kuang,</subfield>
    <subfield code="d">1911-1948</subfield>
  </datafield>
  <datafield tag="400" ind1="1" ind2=" ">
    <subfield code="a">Tam, Shau-Kwang,</subfield>
    <subfield code="d">1911-1948</subfield>
  </datafield>
  <datafield tag="400" ind1="1" ind2=" ">
    <subfield code="a">譚小麟,</subfield>
    <subfield code="d">1911-1948</subfield>
  </datafield>
  <datafield tag="400" ind1="1" ind2=" ">
    <subfield code="a">谭小麟,</subfield>
    <subfield code="d">1911-1948</subfield>
  </datafield>
  <datafield tag="667" ind1=" " ind2=" ">
    <subfield code="a">Machine-derived non-Latin script reference project.</subfield>
  </datafield>
  <datafield tag="667" ind1=" " ind2=" ">
    <subfield code="a">Non-Latin script references not evaluated.</subfield>
  </datafield>
  <datafield tag="667" ind1=" " ind2=" ">
    <subfield code="a">Non-Latin script references reviewed in NACO CJK Funnel References Project.</subfield>
  </datafield>
  <datafield tag="670" ind1=" " ind2=" ">
    <subfield code="a">Han, K.H. Liu Mei san yüeh jen, 1984:</subfield>
    <subfield code="b">t.p. (Tʻan Hsiao-lin) p. 71, etc. (t. Chao-kuang; b. 4/17/11 in Shanghai; Shau-Kwang Tam [in rom.]; d. 8/1/48)</subfield>
  </datafield>
  <datafield tag="670" ind1=" " ind2=" ">
    <subfield code="a">OCLC #26398555, November 5, 2019</subfield>
    <subfield code="b">(access point: 譚小麟, 1911-1948 = Tan, Xiaolin, 1911-1948; usage: 譚小麟 = Tan Xiaolin)</subfield>
  </datafield>
  <datafield tag="953" ind1=" " ind2=" ">
    <subfield code="a">bl13</subfield>
  </datafield>
</record>