
<record>
  <leader>02475cz  a2200253n  4500</leader>
  <controlfield tag="001">2917621</controlfield>
  <controlfield tag="003">DLC</controlfield>
  <controlfield tag="005">20200104073455.0</controlfield>
  <controlfield tag="008">840919n| azannaabn          |a aaa      </controlfield>
  <datafield tag="010" ind1=" " ind2=" ">
    <subfield code="a">n  84236076 </subfield>
  </datafield>
  <datafield tag="035" ind1=" " ind2=" ">
    <subfield code="a">(OCoLC)oca01182928</subfield>
  </datafield>
  <datafield tag="040" ind1=" " ind2=" ">
    <subfield code="a">DLC</subfield>
    <subfield code="b">eng</subfield>
    <subfield code="e">rda</subfield>
    <subfield code="c">DLC</subfield>
    <subfield code="d">DLC</subfield>
    <subfield code="d">OU</subfield>
  </datafield>
  <datafield tag="046" ind1=" " ind2=" ">
    <subfield code="f">1902-07-11</subfield>
    <subfield code="g">1984-01-25</subfield>
    <subfield code="2">edtf</subfield>
  </datafield>
  <datafield tag="100" ind1="1" ind2=" ">
    <subfield code="a">Heinrich, Walter,</subfield>
    <subfield code="d">1902-1984</subfield>
  </datafield>
  <datafield tag="370" ind1=" " ind2=" ">
    <subfield code="a">Nový Bor (Czech Republic)</subfield>
  </datafield>
  <datafield tag="370" ind1=" " ind2=" ">
    <subfield code="b">Graz (Austria)</subfield>
    <subfield code="c">Austria</subfield>
    <subfield code="2">naf</subfield>
  </datafield>
  <datafield tag="374" ind1=" " ind2=" ">
    <subfield code="a">Economists</subfield>
    <subfield code="a">Politicians</subfield>
    <subfield code="a">College teachers</subfield>
    <subfield code="2">lcsh</subfield>
  </datafield>
  <datafield tag="375" ind1=" " ind2=" ">
    <subfield code="a">Males</subfield>
    <subfield code="2">lcdgt</subfield>
  </datafield>
  <datafield tag="378" ind1=" " ind2=" ">
    <subfield code="q">Walter Adolf Franz</subfield>
  </datafield>
  <datafield tag="400" ind1="1" ind2=" ">
    <subfield code="a">Heinrich, Walter Adolf Franz,</subfield>
    <subfield code="d">1902-1984</subfield>
  </datafield>
  <datafield tag="670" ind1=" " ind2=" ">
    <subfield code="a">His Im Prisma des Geistes, 1982:</subfield>
    <subfield code="b">t.p. (Walter Heinrich) p. 307 (b. 7-11-1902, Haido, Bohemia)</subfield>
  </datafield>
  <datafield tag="670" ind1=" " ind2=" ">
    <subfield code="a">LC data base, 9-17-84</subfield>
    <subfield code="b">(hdg.: Heinrich, Walter, 1902-)</subfield>
  </datafield>
  <datafield tag="670" ind1=" " ind2=" ">
    <subfield code="a">Wikidata via Wikipedia, January 3, 2020</subfield>
    <subfield code="b">(alias: Walter Heinrich; instance of: human; given name: Walter; member of: Sudetendeutsche Akademie der Wissenschaften und Künste, Deutsche Gildenschaft; occupation: politician, economist, university teacher; LCAuth identifier: n84236076; VIAF identifier: 46837661; GND identifier: 118548514; ISNI (P213): 0000000110606864; place of birth: Nový Bor; place of death: Graz; country of citizenship: Austria; date of birth: +1902-07-11T00:00:00Z; date of death: +1984-01-25T00:00:00Z; employer: University of Vienna, Vienna University of Economics and Business; NTA identifier (Netherlands): 069494819; work location: Vienna; place of detention (P2632): Dachau concentration camp; languages spoken or published: German; PM20 folder ID (P4293): pe/061348; CONOR identifier: 46117731; educated at: University of Vienna; surname: Heinrich; BnF identifier: 123598429; SUDOC authorities: 032599471; sex or gender: male; different from: Walter Heinrich; NKC identifier: vse2005279079; member of political party: Sudeten German Party; BHCL ID (P6656): 189330; description/label: austerriksk økonom og politikar, Austrian politician and economist , Austrijas politikis, avstrijski politik, econoom en politicus uit Oostenrijk , itävaltalainen poliitikko, österreichischer Ökonom und sudetendeutscher Politiker , österrikisk ekonom och politiker, østerriksk økonom og politiker, østrigsk økonom og politiker, osztrák politikus, polaiteoir agus eacnamaí Ostarach , politician austriac, politicien autrichien , politico austriaco, polityk austriacki)</subfield>
    <subfield code="u">http://www.wikidata.org/entity/Q2026166</subfield>
  </datafield>
  <datafield tag="953" ind1=" " ind2=" ">
    <subfield code="a">eb08</subfield>
  </datafield>
</record>