
<record>
  <leader>00828cz  a2200217n  4500</leader>
  <controlfield tag="001">2935056</controlfield>
  <controlfield tag="003">DLC</controlfield>
  <controlfield tag="005">20200104073306.0</controlfield>
  <controlfield tag="008">880811n| azannaabn          |a aaa      </controlfield>
  <datafield tag="010" ind1=" " ind2=" ">
    <subfield code="a">n  85172676 </subfield>
  </datafield>
  <datafield tag="035" ind1=" " ind2=" ">
    <subfield code="a">(OCoLC)oca02339040</subfield>
  </datafield>
  <datafield tag="040" ind1=" " ind2=" ">
    <subfield code="a">DLC</subfield>
    <subfield code="b">eng</subfield>
    <subfield code="e">rda</subfield>
    <subfield code="c">DLC</subfield>
    <subfield code="d">DLC</subfield>
    <subfield code="d">NcU</subfield>
  </datafield>
  <datafield tag="100" ind1="1" ind2=" ">
    <subfield code="a">Lucas, Raoul</subfield>
  </datafield>
  <datafield tag="373" ind1=" " ind2=" ">
    <subfield code="a">Université de la Réunion</subfield>
    <subfield code="2">naf</subfield>
  </datafield>
  <datafield tag="374" ind1=" " ind2=" ">
    <subfield code="a">University and college faculty members</subfield>
    <subfield code="2">lcdgt</subfield>
  </datafield>
  <datafield tag="377" ind1=" " ind2=" ">
    <subfield code="a">fre</subfield>
  </datafield>
  <datafield tag="400" ind1="1" ind2=" ">
    <subfield code="a">Lucas, R.</subfield>
    <subfield code="q">(Raoul)</subfield>
  </datafield>
  <datafield tag="670" ind1=" " ind2=" ">
    <subfield code="a">His L&apos;engagisme indien ... 1986:</subfield>
    <subfield code="b">t.p. (Raoul LUCAS)</subfield>
  </datafield>
  <datafield tag="670" ind1=" " ind2=" ">
    <subfield code="a">His Les gouverneurs de la Réunion, c1987:</subfield>
    <subfield code="b">t.p. (Raoul LUCAS) spine (R. Lucas)</subfield>
  </datafield>
  <datafield tag="670" ind1=" " ind2=" ">
    <subfield code="a">L&apos;encastrement dans la France, 2016:</subfield>
    <subfield code="b">title page (Raoul Lucas) page 4 of cover (Raoul Lucas, sociologue, est Maître de conférence à l&apos;université de La Réunion)</subfield>
  </datafield>
  <datafield tag="953" ind1=" " ind2=" ">
    <subfield code="a">wn04</subfield>
    <subfield code="b">eb26</subfield>
  </datafield>
</record>