
<record>
  <leader>01402cz  a2200229n  4500</leader>
  <controlfield tag="001">2938402</controlfield>
  <controlfield tag="003">DLC</controlfield>
  <controlfield tag="005">20200104073450.0</controlfield>
  <controlfield tag="008">860212n| azannaabn          |a aaa      </controlfield>
  <datafield tag="010" ind1=" " ind2=" ">
    <subfield code="a">n  85214266 </subfield>
  </datafield>
  <datafield tag="035" ind1=" " ind2=" ">
    <subfield code="a">(OCoLC)oca01541716</subfield>
  </datafield>
  <datafield tag="040" ind1=" " ind2=" ">
    <subfield code="a">DLC</subfield>
    <subfield code="b">eng</subfield>
    <subfield code="e">rda</subfield>
    <subfield code="c">DLC</subfield>
    <subfield code="d">OU</subfield>
  </datafield>
  <datafield tag="046" ind1=" " ind2=" ">
    <subfield code="f">1908-01-23</subfield>
    <subfield code="g">2002-01-08</subfield>
    <subfield code="2">edtf</subfield>
  </datafield>
  <datafield tag="100" ind1="1" ind2=" ">
    <subfield code="a">Franz, Herbert,</subfield>
    <subfield code="d">1908-2002</subfield>
  </datafield>
  <datafield tag="370" ind1=" " ind2=" ">
    <subfield code="c">Austria</subfield>
    <subfield code="2">naf</subfield>
  </datafield>
  <datafield tag="374" ind1=" " ind2=" ">
    <subfield code="a">Entomologists</subfield>
    <subfield code="a">Zoologists</subfield>
    <subfield code="a">Agriculturists</subfield>
    <subfield code="a">Botanists</subfield>
    <subfield code="a">Ecologists</subfield>
    <subfield code="a">College teachers</subfield>
    <subfield code="2">lcsh</subfield>
  </datafield>
  <datafield tag="375" ind1=" " ind2=" ">
    <subfield code="a">Males</subfield>
    <subfield code="2">lcdgt</subfield>
  </datafield>
  <datafield tag="400" ind1="1" ind2=" ">
    <subfield code="a">Franz, H.</subfield>
    <subfield code="q">(Herbert),</subfield>
    <subfield code="d">1908-2002</subfield>
  </datafield>
  <datafield tag="670" ind1=" " ind2=" ">
    <subfield code="a">Alpine Areas Workshop (1974 : Schloss Laxenburg). Alpine Areas Workshop ... 1974:</subfield>
    <subfield code="b">t.p. (Prof. Dipl. Ing. Dr. H. Franz, Inst. fuer Bodenforschung, Hochschule fuer Bodenkulture, Gregor Mendelstrasse 35, Wien, Austria)</subfield>
  </datafield>
  <datafield tag="670" ind1=" " ind2=" ">
    <subfield code="a">LC data base, 2/6/86</subfield>
    <subfield code="b">(hdg.: Franz, Herbert, 1908- ; usage: Franz, Herbert; Franz, H.)</subfield>
  </datafield>
  <datafield tag="670" ind1=" " ind2=" ">
    <subfield code="a">German National Library via VIAF, Jan. 3, 2020</subfield>
    <subfield code="b">(identifier: http://d-nb.info/gnd/131790757; GAC: XA-AT; preferred: Franz, Herbert 1908-2002; field of activity: Ostalpen, Alpen, Hohe Tauern, Madagaskar, Tasmanien, Neuseeland, Australien, Entwicklungsländer, Österreich, Nördliche Kalkalpen; variant: Franz, H.; related: Beier, Max, 1903-1979, Fink, Julius, 1918-1981, Kükenthal, Willy, 1861-1922, Priesner, Hermann, 1891-1974)</subfield>
    <subfield code="u">http://www.viaf.org/processed/DNB%7C131790757</subfield>
  </datafield>
  <datafield tag="953" ind1=" " ind2=" ">
    <subfield code="a">be10</subfield>
  </datafield>
</record>