
<record>
  <leader>00813cz  a2200193n  4500</leader>
  <controlfield tag="001">2972879</controlfield>
  <controlfield tag="003">DLC</controlfield>
  <controlfield tag="005">20200104073453.0</controlfield>
  <controlfield tag="008">860513n| acannaabn          |n aba      </controlfield>
  <datafield tag="010" ind1=" " ind2=" ">
    <subfield code="a">n  86826786 </subfield>
  </datafield>
  <datafield tag="035" ind1=" " ind2=" ">
    <subfield code="a">(OCoLC)oca01582261</subfield>
  </datafield>
  <datafield tag="040" ind1=" " ind2=" ">
    <subfield code="a">DLC</subfield>
    <subfield code="b">eng</subfield>
    <subfield code="c">DLC</subfield>
    <subfield code="d">TxU</subfield>
    <subfield code="d">DLC</subfield>
    <subfield code="d">UkOxU</subfield>
  </datafield>
  <datafield tag="100" ind1="1" ind2=" ">
    <subfield code="a">Taylor, Jeremy</subfield>
  </datafield>
  <datafield tag="667" ind1=" " ind2=" ">
    <subfield code="a">THIS 1XX FIELD CANNOT BE USED UNDER RDA UNTIL THIS UNDIFFERENTIATED RECORD HAS BEEN HANDLED FOLLOWING THE GUIDELINES IN DCM Z1 008/32</subfield>
  </datafield>
  <datafield tag="670" ind1=" " ind2=" ">
    <subfield code="a">[Author of Conrail commodities]</subfield>
  </datafield>
  <datafield tag="670" ind1=" " ind2=" ">
    <subfield code="a">Conrail commodities, c1994:</subfield>
    <subfield code="b">t.p. (Jeremy Taylor) jkt. (retired railway official)</subfield>
  </datafield>
  <datafield tag="670" ind1=" " ind2=" ">
    <subfield code="a">Joint-author of Secrets of iLumina, c2003:</subfield>
    <subfield code="b">t.p. (Jeremy Taylor) p. 179 (editor of Tyndale House; member of development team for iLumina; lives in Wheaton, Ill.)</subfield>
  </datafield>
  <datafield tag="675" ind1=" " ind2=" ">
    <subfield code="a">WWA, 1993</subfield>
  </datafield>
  <datafield tag="953" ind1=" " ind2=" ">
    <subfield code="a">ne12</subfield>
    <subfield code="b">sh21</subfield>
  </datafield>
</record>