
<record>
  <leader>00728cz  a2200205n  4500</leader>
  <controlfield tag="001">2974364</controlfield>
  <controlfield tag="003">DLC</controlfield>
  <controlfield tag="005">20200104073453.0</controlfield>
  <controlfield tag="008">860724n| azannaabn          |n aaa      </controlfield>
  <datafield tag="010" ind1=" " ind2=" ">
    <subfield code="a">n  86842366 </subfield>
  </datafield>
  <datafield tag="035" ind1=" " ind2=" ">
    <subfield code="a">(OCoLC)oca01639422</subfield>
  </datafield>
  <datafield tag="040" ind1=" " ind2=" ">
    <subfield code="a">DLC</subfield>
    <subfield code="b">eng</subfield>
    <subfield code="e">rda</subfield>
    <subfield code="c">DLC</subfield>
    <subfield code="d">DLC</subfield>
    <subfield code="d">InU</subfield>
  </datafield>
  <datafield tag="046" ind1=" " ind2=" ">
    <subfield code="f">1937-05-24</subfield>
    <subfield code="2">edtf</subfield>
  </datafield>
  <datafield tag="100" ind1="1" ind2=" ">
    <subfield code="a">Tomac, Zdravko</subfield>
  </datafield>
  <datafield tag="375" ind1=" " ind2=" ">
    <subfield code="a">Males</subfield>
    <subfield code="2">lcdgt</subfield>
  </datafield>
  <datafield tag="377" ind1=" " ind2=" ">
    <subfield code="a">hrv</subfield>
  </datafield>
  <datafield tag="670" ind1=" " ind2=" ">
    <subfield code="a">nuc86-68862: His Socijalističko samoupravljanje, 1981</subfield>
    <subfield code="b">(hdg. on InU rept.: Tomac, Zdravko; usage: Zdravko Tomac)</subfield>
  </datafield>
  <datafield tag="670" ind1=" " ind2=" ">
    <subfield code="a">Ribičič, C. Usuglašavanje ili nadglasavanje, 1986?:</subfield>
    <subfield code="b">t.p. (Dr Zdravko Tomac)</subfield>
  </datafield>
  <datafield tag="670" ind1=" " ind2=" ">
    <subfield code="a">Iza zatvorenih vrata, 1992:</subfield>
    <subfield code="b">t.p. (Zdravko Tomac) jkt. (b. 5/24/37 in Gurčin, Croatia)</subfield>
  </datafield>
  <datafield tag="953" ind1=" " ind2=" ">
    <subfield code="a">nf11</subfield>
    <subfield code="b">le05</subfield>
  </datafield>
</record>