
<record>
  <leader>01267cz  a2200289n  4500</leader>
  <controlfield tag="001">2977077</controlfield>
  <controlfield tag="003">DLC</controlfield>
  <controlfield tag="005">20200104073436.0</controlfield>
  <controlfield tag="008">861216n| azannaabn          |b aaa      </controlfield>
  <datafield tag="010" ind1=" " ind2=" ">
    <subfield code="a">n  86871696 </subfield>
  </datafield>
  <datafield tag="035" ind1=" " ind2=" ">
    <subfield code="a">(OCoLC)oca01732567</subfield>
  </datafield>
  <datafield tag="040" ind1=" " ind2=" ">
    <subfield code="a">DLC</subfield>
    <subfield code="b">eng</subfield>
    <subfield code="e">rda</subfield>
    <subfield code="c">DLC</subfield>
    <subfield code="d">DLC</subfield>
    <subfield code="d">OCoLC</subfield>
    <subfield code="d">DLC</subfield>
    <subfield code="d">WaBeWWUM</subfield>
  </datafield>
  <datafield tag="100" ind1="1" ind2=" ">
    <subfield code="a">Nekrasov, Nikolaĭ</subfield>
  </datafield>
  <datafield tag="374" ind1=" " ind2=" ">
    <subfield code="a">Conductors (Music)</subfield>
    <subfield code="2">lcdgt</subfield>
  </datafield>
  <datafield tag="400" ind1="1" ind2=" ">
    <subfield code="a">Nekrasov, N.</subfield>
    <subfield code="q">(Nikolaĭ)</subfield>
  </datafield>
  <datafield tag="400" ind1="1" ind2=" ">
    <subfield code="a">Nekrasov, Nicolai</subfield>
  </datafield>
  <datafield tag="400" ind1="1" ind2=" ">
    <subfield code="a">Nekrassov, Nikolai</subfield>
  </datafield>
  <datafield tag="400" ind1="1" ind2=" ">
    <subfield code="a">Некрасов, Николай</subfield>
  </datafield>
  <datafield tag="667" ind1=" " ind2=" ">
    <subfield code="a">Machine-derived non-Latin script reference project.</subfield>
  </datafield>
  <datafield tag="667" ind1=" " ind2=" ">
    <subfield code="a">Non-Latin script reference not evaluated.</subfield>
  </datafield>
  <datafield tag="670" ind1=" " ind2=" ">
    <subfield code="a">Arensky, A.S. Kont︠s︡ert dli︠a︡ fortepiano s orkestrom fa minor, soch. 2 [SR] 1982:</subfield>
    <subfield code="b">label (Nikolaĭ Nekrasov, conductor)</subfield>
  </datafield>
  <datafield tag="670" ind1=" " ind2=" ">
    <subfield code="a">Nesterenko, E. Russian songs and romances [SR] 1982:</subfield>
    <subfield code="b">labels (N. Nekrasov) container (Nikolai Nekrasov; Nikolaĭ Nekrasov)</subfield>
  </datafield>
  <datafield tag="670" ind1=" " ind2=" ">
    <subfield code="a">Gedda, N. Russian songs and romances [SR] 1981:</subfield>
    <subfield code="b">labels (Nicolai Nekrasov)</subfield>
  </datafield>
  <datafield tag="670" ind1=" " ind2=" ">
    <subfield code="a">Moiseyev Dance Company, 1961</subfield>
    <subfield code="b">DLC copy theater program, Loews Capitol Theatre, Washington, D.C. performance (Nikolai Nekrassov, conductor)</subfield>
  </datafield>
  <datafield tag="952" ind1=" " ind2=" ">
    <subfield code="a">ee06 consulted.</subfield>
  </datafield>
  <datafield tag="952" ind1=" " ind2=" ">
    <subfield code="a">*vk03 052 056 04-19-90</subfield>
  </datafield>
  <datafield tag="953" ind1=" " ind2=" ">
    <subfield code="a">vk03</subfield>
    <subfield code="b">he11</subfield>
  </datafield>
</record>