
<record>
  <leader>00912cz  a2200229n  4500</leader>
  <controlfield tag="001">2978250</controlfield>
  <controlfield tag="003">DLC</controlfield>
  <controlfield tag="005">20200104073338.0</controlfield>
  <controlfield tag="008">870708n| azannaabn          |a aad      </controlfield>
  <datafield tag="010" ind1=" " ind2=" ">
    <subfield code="a">n  87109326 </subfield>
  </datafield>
  <datafield tag="035" ind1=" " ind2=" ">
    <subfield code="a">(OCoLC)oca01891828</subfield>
  </datafield>
  <datafield tag="040" ind1=" " ind2=" ">
    <subfield code="a">DLC</subfield>
    <subfield code="b">eng</subfield>
    <subfield code="e">rda</subfield>
    <subfield code="c">DLC</subfield>
    <subfield code="d">NmSSL</subfield>
  </datafield>
  <datafield tag="046" ind1=" " ind2=" ">
    <subfield code="f">1938</subfield>
    <subfield code="2">edtf</subfield>
  </datafield>
  <datafield tag="100" ind1="1" ind2=" ">
    <subfield code="a">Gomez, Ricardo E.,</subfield>
    <subfield code="d">1938-</subfield>
  </datafield>
  <datafield tag="373" ind1=" " ind2=" ">
    <subfield code="a">New Mexico State University</subfield>
    <subfield code="2">naf</subfield>
  </datafield>
  <datafield tag="374" ind1=" " ind2=" ">
    <subfield code="a">Agricultural extension workers</subfield>
    <subfield code="2">lcsh</subfield>
  </datafield>
  <datafield tag="377" ind1=" " ind2=" ">
    <subfield code="a">eng</subfield>
  </datafield>
  <datafield tag="400" ind1="1" ind2=" ">
    <subfield code="a">Gomez, Ricardo Eduardo,</subfield>
    <subfield code="d">1938-</subfield>
  </datafield>
  <datafield tag="670" ind1=" " ind2=" ">
    <subfield code="a">nuc87-64813: His Anatomical aspects of avocado ... 1971</subfield>
    <subfield code="b">(hdg. on DNAL rept.: Gomez, Ricardo E., 1938- ; usage: Ricardo E. Gomez)</subfield>
  </datafield>
  <datafield tag="670" ind1=" " ind2=" ">
    <subfield code="a">Growing grapes, March 1978:</subfield>
    <subfield code="b">page 4 of cover (Ricardo E. Gomez, Extension Horticulturist) cover (New Mexico State University)</subfield>
  </datafield>
  <datafield tag="670" ind1=" " ind2=" ">
    <subfield code="a">OCLC, January 3, 2020</subfield>
    <subfield code="b">(access point: Gomez, Ricardo Eduardo, 1938-; usage: Ricardo Eduardo Gomez)</subfield>
  </datafield>
  <datafield tag="953" ind1=" " ind2=" ">
    <subfield code="a">ns23</subfield>
  </datafield>
</record>