
<record>
  <leader>01485cz  a2200217n  4500</leader>
  <controlfield tag="001">2990753</controlfield>
  <controlfield tag="003">DLC</controlfield>
  <controlfield tag="005">20200104073319.0</controlfield>
  <controlfield tag="008">880201n| azannaabn          |n aaa     c</controlfield>
  <datafield tag="010" ind1=" " ind2=" ">
    <subfield code="a">n  87906206 </subfield>
  </datafield>
  <datafield tag="035" ind1=" " ind2=" ">
    <subfield code="a">(OCoLC)oca02193184</subfield>
  </datafield>
  <datafield tag="040" ind1=" " ind2=" ">
    <subfield code="a">NjP</subfield>
    <subfield code="b">eng</subfield>
    <subfield code="e">rda</subfield>
    <subfield code="c">DLC</subfield>
    <subfield code="d">OU</subfield>
  </datafield>
  <datafield tag="046" ind1=" " ind2=" ">
    <subfield code="f">1900-02-23</subfield>
    <subfield code="g">1986-12-08</subfield>
    <subfield code="2">edtf</subfield>
  </datafield>
  <datafield tag="100" ind1="1" ind2=" ">
    <subfield code="a">Lentz, Wolfgang,</subfield>
    <subfield code="d">1900-1986</subfield>
  </datafield>
  <datafield tag="370" ind1=" " ind2=" ">
    <subfield code="a">Hameln (Germany)</subfield>
    <subfield code="b">Marburg (Germany)</subfield>
    <subfield code="2">naf</subfield>
  </datafield>
  <datafield tag="374" ind1=" " ind2=" ">
    <subfield code="a">Asianists</subfield>
    <subfield code="a">College teachers</subfield>
    <subfield code="2">lcsh</subfield>
  </datafield>
  <datafield tag="375" ind1=" " ind2=" ">
    <subfield code="a">Males</subfield>
    <subfield code="2">lcdgt</subfield>
  </datafield>
  <datafield tag="670" ind1=" " ind2=" ">
    <subfield code="a">Schmidt, H. Form and meaning of Yasna 33, 1985:</subfield>
    <subfield code="b">t.p. (Wolfgang Lentz)</subfield>
  </datafield>
  <datafield tag="670" ind1=" " ind2=" ">
    <subfield code="a">LC in RLIN, 1-12-88</subfield>
    <subfield code="b">(hdg.: Lentz, Wolfgang, 1900- )</subfield>
  </datafield>
  <datafield tag="670" ind1=" " ind2=" ">
    <subfield code="a">Wikidata via Wikipedia, January 3, 2020</subfield>
    <subfield code="b">(alias: Wolfgang Lentz; LCAuth identifier: n87906206; VIAF identifier: 111887884; GND identifier: 118727443; ISNI (P213): 0000000121479725; place of birth: Hamelin; place of death: Marburg; instance of: human; employer: University of Hamburg; date of birth: +1900-02-23T00:00:00Z; date of death: +1986-12-08T00:00:00Z; country of citizenship: Germany; given name: Wolfgang; NTA identifier (Netherlands): 072560150; occupation: orientalist, university teacher; languages spoken or published: German; FAST-ID: 222853; SUDOC authorities: 076314413; sex or gender: male; description/label: deutscher Iranist und Hochschullehrer, Duits oriëntalist , German orientalist, orientalista alemán, professor académico alemão, tysk professor)</subfield>
    <subfield code="u">http://www.wikidata.org/entity/Q1644226</subfield>
  </datafield>
  <datafield tag="953" ind1=" " ind2=" ">
    <subfield code="a">bz63</subfield>
  </datafield>
</record>