
<record>
  <leader>01248cz  a2200313n  4500</leader>
  <controlfield tag="001">3061312</controlfield>
  <controlfield tag="003">DLC</controlfield>
  <controlfield tag="005">20200104073249.0</controlfield>
  <controlfield tag="008">910128nc azannaabn          |b aaa      </controlfield>
  <datafield tag="010" ind1=" " ind2=" ">
    <subfield code="a">nr 91002966 </subfield>
  </datafield>
  <datafield tag="035" ind1=" " ind2=" ">
    <subfield code="a">(OCoLC)oca02885396</subfield>
  </datafield>
  <datafield tag="040" ind1=" " ind2=" ">
    <subfield code="a">DLC-R</subfield>
    <subfield code="b">eng</subfield>
    <subfield code="e">rda</subfield>
    <subfield code="c">DLC-R</subfield>
    <subfield code="d">DLC</subfield>
    <subfield code="d">OCoLC</subfield>
    <subfield code="d">InU</subfield>
    <subfield code="d">MH</subfield>
  </datafield>
  <datafield tag="046" ind1=" " ind2=" ">
    <subfield code="f">1860-01-02</subfield>
    <subfield code="g">1938-09-30</subfield>
    <subfield code="2">edtf</subfield>
  </datafield>
  <datafield tag="100" ind1="1" ind2=" ">
    <subfield code="a">Tang, Shaoyi,</subfield>
    <subfield code="d">1860-1938</subfield>
  </datafield>
  <datafield tag="400" ind1="1" ind2=" ">
    <subfield code="w">nne</subfield>
    <subfield code="a">Tʻang, Shao-i,</subfield>
    <subfield code="d">1860-1938</subfield>
  </datafield>
  <datafield tag="400" ind1="1" ind2=" ">
    <subfield code="a">Tang, Shaochuan,</subfield>
    <subfield code="d">1860-1938</subfield>
  </datafield>
  <datafield tag="400" ind1="1" ind2=" ">
    <subfield code="a">Tʻang, Shao-chʻuan,</subfield>
    <subfield code="d">1860-1938</subfield>
  </datafield>
  <datafield tag="400" ind1="1" ind2=" ">
    <subfield code="a">Tong, Shao-Yi,</subfield>
    <subfield code="d">1860-1938</subfield>
  </datafield>
  <datafield tag="400" ind1="1" ind2=" ">
    <subfield code="a">唐紹儀,</subfield>
    <subfield code="d">1860-1938</subfield>
  </datafield>
  <datafield tag="400" ind1="1" ind2=" ">
    <subfield code="a">唐绍仪,</subfield>
    <subfield code="d">1860-1938</subfield>
  </datafield>
  <datafield tag="400" ind1="1" ind2=" ">
    <subfield code="a">唐绍儀,</subfield>
    <subfield code="d">1860-1938</subfield>
  </datafield>
  <datafield tag="667" ind1=" " ind2=" ">
    <subfield code="a">Machine-derived non-Latin script reference project.</subfield>
  </datafield>
  <datafield tag="667" ind1=" " ind2=" ">
    <subfield code="a">Non-Latin script references not evaluated.</subfield>
  </datafield>
  <datafield tag="667" ind1=" " ind2=" ">
    <subfield code="a">Non-Latin script references reviewed in NACO CJK Funnel References Project.</subfield>
  </datafield>
  <datafield tag="670" ind1=" " ind2=" ">
    <subfield code="a">Chao, J.F. Tʻang Shao-i ti i sheng, 1988:</subfield>
    <subfield code="b">t.p. (Tʻang Shao-i) p. (t. Shao-chʻuan; b. 1/2/1860; d. 9/30/38)</subfield>
  </datafield>
  <datafield tag="670" ind1=" " ind2=" ">
    <subfield code="a">Tong Shao-Yi and his family, 1999.</subfield>
  </datafield>
  <datafield tag="670" ind1=" " ind2=" ">
    <subfield code="a">OCLC #22805572, November 19, 2019</subfield>
    <subfield code="b">(access point: 唐绍仪, 1860-1938 = Tang, Shaoyi, 1860-1938; usage: 唐绍仪 = Tang Shaoyi)</subfield>
  </datafield>
  <datafield tag="953" ind1=" " ind2=" ">
    <subfield code="a">xx00</subfield>
    <subfield code="b">yb08</subfield>
  </datafield>
  <datafield tag="985" ind1=" " ind2=" ">
    <subfield code="c">RLIN</subfield>
    <subfield code="e">LSPC</subfield>
  </datafield>
</record>