
<record>
  <leader>01256cz  a2200301n  4500</leader>
  <controlfield tag="001">3070273</controlfield>
  <controlfield tag="003">DLC</controlfield>
  <controlfield tag="005">20200104073527.0</controlfield>
  <controlfield tag="008">911014nc azannaabn          |b aaa     c</controlfield>
  <datafield tag="010" ind1=" " ind2=" ">
    <subfield code="a">nr 91037806 </subfield>
  </datafield>
  <datafield tag="035" ind1=" " ind2=" ">
    <subfield code="a">(OCoLC)oca03047066</subfield>
  </datafield>
  <datafield tag="040" ind1=" " ind2=" ">
    <subfield code="a">MiU</subfield>
    <subfield code="b">eng</subfield>
    <subfield code="e">rda</subfield>
    <subfield code="c">MiU</subfield>
    <subfield code="d">OCoLC</subfield>
    <subfield code="d">DLC</subfield>
    <subfield code="d">OCoLC</subfield>
    <subfield code="d">InU</subfield>
    <subfield code="d">MH</subfield>
  </datafield>
  <datafield tag="046" ind1=" " ind2=" ">
    <subfield code="f">1903-12-28</subfield>
    <subfield code="g">1970-03-13</subfield>
    <subfield code="2">edtf</subfield>
  </datafield>
  <datafield tag="100" ind1="1" ind2=" ">
    <subfield code="a">Tang, Yunsheng,</subfield>
    <subfield code="d">1903-1970</subfield>
  </datafield>
  <datafield tag="400" ind1="1" ind2=" ">
    <subfield code="w">nne</subfield>
    <subfield code="a">Tʻang, Yün-sheng,</subfield>
    <subfield code="d">1903-1970</subfield>
  </datafield>
  <datafield tag="400" ind1="1" ind2=" ">
    <subfield code="a">Shi, Binkui,</subfield>
    <subfield code="d">1903-1970</subfield>
  </datafield>
  <datafield tag="400" ind1="1" ind2=" ">
    <subfield code="a">Shi, Qiangzi,</subfield>
    <subfield code="d">1903-1970</subfield>
  </datafield>
  <datafield tag="400" ind1="1" ind2=" ">
    <subfield code="a">Shih, Pin-kʻuei,</subfield>
    <subfield code="d">1903-1970</subfield>
  </datafield>
  <datafield tag="400" ind1="1" ind2=" ">
    <subfield code="a">Shih, Chʻiang-tzu,</subfield>
    <subfield code="d">1903-1970</subfield>
  </datafield>
  <datafield tag="400" ind1="1" ind2=" ">
    <subfield code="a">唐韵笙,</subfield>
    <subfield code="d">1903-1970</subfield>
  </datafield>
  <datafield tag="400" ind1="1" ind2=" ">
    <subfield code="a">唐韻笙,</subfield>
    <subfield code="d">1903-1970</subfield>
  </datafield>
  <datafield tag="667" ind1=" " ind2=" ">
    <subfield code="a">Machine-derived non-Latin script reference project.</subfield>
  </datafield>
  <datafield tag="667" ind1=" " ind2=" ">
    <subfield code="a">Non-Latin script references not evaluated.</subfield>
  </datafield>
  <datafield tag="667" ind1=" " ind2=" ">
    <subfield code="a">Non-Latin script references reviewed in NACO CJK Funnel References Project.</subfield>
  </datafield>
  <datafield tag="670" ind1=" " ind2=" ">
    <subfield code="a">Ning, T.P.  Tʻang Yün-sheng pʻing chuan, 1990:</subfield>
    <subfield code="b">p. 265, etc. (b. 12/28/03; d. 3/13/70; orig. name Shih Pin-kʻuei; childhood name Chʻiang-tzu; actor)</subfield>
  </datafield>
  <datafield tag="670" ind1=" " ind2=" ">
    <subfield code="a">OCLC #269430594, November 20, 2019</subfield>
    <subfield code="b">(access point: 唐韵笙, 1903-1970 = Tang, Yunsheng, 1903-1970; usage: 唐韵笙 = Tang Yunsheng)</subfield>
  </datafield>
  <datafield tag="953" ind1=" " ind2=" ">
    <subfield code="a">xx00</subfield>
    <subfield code="b">yb08</subfield>
  </datafield>
  <datafield tag="985" ind1=" " ind2=" ">
    <subfield code="c">RLIN</subfield>
    <subfield code="e">LSPC</subfield>
  </datafield>
</record>