
<record>
  <leader>00935cz  a2200277n  4500</leader>
  <controlfield tag="001">3072521</controlfield>
  <controlfield tag="003">DLC</controlfield>
  <controlfield tag="005">20200104073252.0</controlfield>
  <controlfield tag="008">910603n| azaaaaaan          |a ana      </controlfield>
  <datafield tag="010" ind1=" " ind2=" ">
    <subfield code="a">n  91054886 </subfield>
  </datafield>
  <datafield tag="022" ind1=" " ind2=" ">
    <subfield code="a">1616-0452</subfield>
  </datafield>
  <datafield tag="035" ind1=" " ind2=" ">
    <subfield code="a">(OCoLC)oca02959238</subfield>
  </datafield>
  <datafield tag="040" ind1=" " ind2=" ">
    <subfield code="a">DLC</subfield>
    <subfield code="b">eng</subfield>
    <subfield code="e">rda</subfield>
    <subfield code="c">DLC</subfield>
    <subfield code="d">GU</subfield>
    <subfield code="d">NNU-L</subfield>
    <subfield code="d">ICU</subfield>
    <subfield code="d">UPB</subfield>
  </datafield>
  <datafield tag="130" ind1=" " ind2="0">
    <subfield code="a">Beiträge zur Altertumskunde</subfield>
  </datafield>
  <datafield tag="380" ind1=" " ind2=" ">
    <subfield code="a">Series (Publications)</subfield>
    <subfield code="a">Monographic series</subfield>
    <subfield code="2">lcsh</subfield>
  </datafield>
  <datafield tag="430" ind1=" " ind2="0">
    <subfield code="a">BzA</subfield>
  </datafield>
  <datafield tag="642" ind1=" " ind2=" ">
    <subfield code="a">Bd. 10</subfield>
    <subfield code="5">DLC</subfield>
  </datafield>
  <datafield tag="643" ind1=" " ind2=" ">
    <subfield code="a">Berlin</subfield>
    <subfield code="a">New York</subfield>
    <subfield code="b">De Gruyter</subfield>
    <subfield code="d">&lt;c2007-&gt;</subfield>
  </datafield>
  <datafield tag="643" ind1=" " ind2=" ">
    <subfield code="a">München</subfield>
    <subfield code="b">Saur</subfield>
    <subfield code="d">2000-</subfield>
  </datafield>
  <datafield tag="643" ind1=" " ind2=" ">
    <subfield code="a">Stuttgart</subfield>
    <subfield code="b">Teubner</subfield>
    <subfield code="d">-1999</subfield>
  </datafield>
  <datafield tag="644" ind1=" " ind2=" ">
    <subfield code="a">f</subfield>
    <subfield code="5">DLC</subfield>
    <subfield code="5">NNU-L</subfield>
  </datafield>
  <datafield tag="645" ind1=" " ind2=" ">
    <subfield code="a">t</subfield>
    <subfield code="5">DLC</subfield>
    <subfield code="5">NNU-L</subfield>
  </datafield>
  <datafield tag="646" ind1=" " ind2=" ">
    <subfield code="a">s</subfield>
    <subfield code="5">DLC</subfield>
    <subfield code="5">NNU-L</subfield>
  </datafield>
  <datafield tag="670" ind1=" " ind2=" ">
    <subfield code="a">Hose, M. Studien zum Chor bei Euripides, 1990:</subfield>
    <subfield code="b">Bd. 1, p. facing t.p. (Beiträge zur Altertumskunde) cover (BzA)</subfield>
  </datafield>
  <datafield tag="670" ind1=" " ind2=" ">
    <subfield code="a">Moribus antiquis res stat Romana, 2000:</subfield>
    <subfield code="b">ser. t.p. (Beiträge zu Altertumskunde) spine (BzA)</subfield>
  </datafield>
  <datafield tag="953" ind1=" " ind2=" ">
    <subfield code="a">ec29</subfield>
  </datafield>
</record>