
<record>
  <leader>01444cz  a2200349n  4500</leader>
  <controlfield tag="001">3089682</controlfield>
  <controlfield tag="003">DLC</controlfield>
  <controlfield tag="005">20200104073512.0</controlfield>
  <controlfield tag="008">921106n| azannaabn          |a aaa     c</controlfield>
  <datafield tag="010" ind1=" " ind2=" ">
    <subfield code="a">nr 92039406 </subfield>
  </datafield>
  <datafield tag="035" ind1=" " ind2=" ">
    <subfield code="a">(OCoLC)oca03269429</subfield>
  </datafield>
  <datafield tag="040" ind1=" " ind2=" ">
    <subfield code="a">PP</subfield>
    <subfield code="b">eng</subfield>
    <subfield code="e">rda</subfield>
    <subfield code="c">PP</subfield>
    <subfield code="d">DeU</subfield>
  </datafield>
  <datafield tag="046" ind1=" " ind2=" ">
    <subfield code="s">1799</subfield>
    <subfield code="t">1823</subfield>
    <subfield code="2">edtf</subfield>
  </datafield>
  <datafield tag="100" ind1="1" ind2=" ">
    <subfield code="a">Dewick, Joseph Dalton</subfield>
  </datafield>
  <datafield tag="370" ind1=" " ind2=" ">
    <subfield code="e">London (England)</subfield>
    <subfield code="2">naf</subfield>
  </datafield>
  <datafield tag="371" ind1=" " ind2=" ">
    <subfield code="a">Aldersgate Street</subfield>
    <subfield code="b">London</subfield>
  </datafield>
  <datafield tag="371" ind1=" " ind2=" ">
    <subfield code="a">Golden Lion Court, Aldersgate</subfield>
    <subfield code="b">London</subfield>
  </datafield>
  <datafield tag="371" ind1=" " ind2=" ">
    <subfield code="a">6 Westmorland Buildings, Aldersgate Street</subfield>
    <subfield code="b">London</subfield>
  </datafield>
  <datafield tag="371" ind1=" " ind2=" ">
    <subfield code="a">7 Bridgewater Square</subfield>
    <subfield code="b">London</subfield>
  </datafield>
  <datafield tag="371" ind1=" " ind2=" ">
    <subfield code="a">20 Aldersgate Street</subfield>
    <subfield code="b">London</subfield>
  </datafield>
  <datafield tag="371" ind1=" " ind2=" ">
    <subfield code="a">46 Barbican</subfield>
    <subfield code="b">London</subfield>
  </datafield>
  <datafield tag="372" ind1=" " ind2=" ">
    <subfield code="a">Books and bookselling</subfield>
    <subfield code="a">Printing industry</subfield>
    <subfield code="a">Stationery trade</subfield>
    <subfield code="2">lcsh</subfield>
  </datafield>
  <datafield tag="374" ind1=" " ind2=" ">
    <subfield code="a">Booksellers</subfield>
    <subfield code="a">Printers (people)</subfield>
    <subfield code="a">Stationers</subfield>
    <subfield code="2">aat</subfield>
  </datafield>
  <datafield tag="375" ind1=" " ind2=" ">
    <subfield code="a">Males</subfield>
    <subfield code="2">lcdgt</subfield>
  </datafield>
  <datafield tag="377" ind1=" " ind2=" ">
    <subfield code="a">eng</subfield>
  </datafield>
  <datafield tag="378" ind1=" " ind2=" ">
    <subfield code="q">Joseph Dalton</subfield>
  </datafield>
  <datafield tag="400" ind1="1" ind2=" ">
    <subfield code="a">Dewick, J. D.</subfield>
    <subfield code="q">(Joseph Dalton)</subfield>
  </datafield>
  <datafield tag="670" ind1=" " ind2=" ">
    <subfield code="a">False alarms, 1803:</subfield>
    <subfield code="b">title page (J.D. Dewick)</subfield>
  </datafield>
  <datafield tag="670" ind1=" " ind2=" ">
    <subfield code="a">London book trades 1775-1800, 1977:</subfield>
    <subfield code="b">page 65 (Dewick, Joseph Dalton; printer, bookseller, and stationer in London, active 1799-1823; 6 Westmorland Buildings, Aldersgate Street 1799-1800; Aldersgate Street 1802-1803; Golden Lion Court, Aldersgate 1803-1804; 7 Bridgewater Square 1807-1809; 20 Aldersgate Street 1807-1808; 46 Barbican 1808-98)</subfield>
  </datafield>
  <datafield tag="670" ind1=" " ind2=" ">
    <subfield code="a">RLIN database, 11/5/92</subfield>
    <subfield code="b">(hdg.: Dewick, J.D.)</subfield>
  </datafield>
  <datafield tag="953" ind1=" " ind2=" ">
    <subfield code="a">xx00</subfield>
  </datafield>
  <datafield tag="985" ind1=" " ind2=" ">
    <subfield code="c">RLIN</subfield>
    <subfield code="e">LSPC</subfield>
  </datafield>
</record>