
<record>
  <leader>01356cz  a2200277n  4500</leader>
  <controlfield tag="001">3110132</controlfield>
  <controlfield tag="003">DLC</controlfield>
  <controlfield tag="005">20200104073509.0</controlfield>
  <controlfield tag="008">931028nc azannaabn          |b aaa      </controlfield>
  <datafield tag="010" ind1=" " ind2=" ">
    <subfield code="a">nr 93044936 </subfield>
    <subfield code="z">n  86860054 </subfield>
  </datafield>
  <datafield tag="035" ind1=" " ind2=" ">
    <subfield code="a">(OCoLC)oca03487663</subfield>
  </datafield>
  <datafield tag="040" ind1=" " ind2=" ">
    <subfield code="a">DLC-R</subfield>
    <subfield code="b">eng</subfield>
    <subfield code="e">rda</subfield>
    <subfield code="c">DLC-R</subfield>
    <subfield code="d">TxU</subfield>
    <subfield code="d">DLC</subfield>
    <subfield code="d">OCoLC</subfield>
    <subfield code="d">DLC</subfield>
    <subfield code="d">HkJHD</subfield>
  </datafield>
  <datafield tag="046" ind1=" " ind2=" ">
    <subfield code="f">19450401</subfield>
  </datafield>
  <datafield tag="100" ind1="1" ind2=" ">
    <subfield code="a">Gu, Baochang</subfield>
  </datafield>
  <datafield tag="400" ind1="1" ind2=" ">
    <subfield code="w">nne</subfield>
    <subfield code="a">Ku, Pao-chʻang</subfield>
  </datafield>
  <datafield tag="400" ind1="1" ind2=" ">
    <subfield code="a">顧寶昌</subfield>
  </datafield>
  <datafield tag="400" ind1="1" ind2=" ">
    <subfield code="a">顾宝昌</subfield>
  </datafield>
  <datafield tag="667" ind1=" " ind2=" ">
    <subfield code="a">Machine-derived non-Latin script reference project.</subfield>
  </datafield>
  <datafield tag="667" ind1=" " ind2=" ">
    <subfield code="a">Non-Latin script references not evaluated.</subfield>
  </datafield>
  <datafield tag="667" ind1=" " ind2=" ">
    <subfield code="a">Non-Latin script references reviewed in NACO CJK Funnel References Project.</subfield>
  </datafield>
  <datafield tag="670" ind1=" " ind2=" ">
    <subfield code="a">She hui jen kʻou hsüeh ti shih yeh, 1992:</subfield>
    <subfield code="b">t.p. (Ku Pao-chʻang)</subfield>
  </datafield>
  <datafield tag="670" ind1=" " ind2=" ">
    <subfield code="a">nuc86-95792: Poston, D.L. Patterns and correlates ... 1984:</subfield>
    <subfield code="b">(usage on NNPopCrept.: Baochang Gu)</subfield>
  </datafield>
  <datafield tag="670" ind1=" " ind2=" ">
    <subfield code="a">Measuring childlessness with world fertility ... 1983:</subfield>
    <subfield code="b">t.p. (Baochang Gu; M.L.) leaf 4 (works with D.L. Poston) leaf 128 (b. Apr. 1, 1945 in Shanghai, China; Master of Laws degree, Peking Univ., 1981; sent by Peking Univ. with U.N. fellowship to study at Univ. of Texas at Austin; perm. addr.: Peking Univ., Beijing, China)</subfield>
  </datafield>
  <datafield tag="670" ind1=" " ind2=" ">
    <subfield code="a">LC database, 3 January 2020</subfield>
    <subfield code="b">(access point: 顾宝昌 = Gu, Baochang; usage: 顾宝昌 = Gu Baochang)</subfield>
  </datafield>
  <datafield tag="953" ind1=" " ind2=" ">
    <subfield code="a">xx00</subfield>
  </datafield>
  <datafield tag="985" ind1=" " ind2=" ">
    <subfield code="c">RLIN</subfield>
    <subfield code="e">LSPC</subfield>
  </datafield>
</record>