
<record>
  <leader>01093cz  a2200253n  4500</leader>
  <controlfield tag="001">3114839</controlfield>
  <controlfield tag="003">DLC</controlfield>
  <controlfield tag="005">20200104073508.0</controlfield>
  <controlfield tag="008">930914n| azannaabn          |a aaa      </controlfield>
  <datafield tag="010" ind1=" " ind2=" ">
    <subfield code="a">n  93089876 </subfield>
  </datafield>
  <datafield tag="035" ind1=" " ind2=" ">
    <subfield code="a">(OCoLC)oca03453487</subfield>
  </datafield>
  <datafield tag="040" ind1=" " ind2=" ">
    <subfield code="a">DLC</subfield>
    <subfield code="b">eng</subfield>
    <subfield code="e">rda</subfield>
    <subfield code="c">DLC</subfield>
    <subfield code="d">OOC</subfield>
  </datafield>
  <datafield tag="046" ind1=" " ind2=" ">
    <subfield code="f">1938-01-18</subfield>
    <subfield code="2">edtf</subfield>
  </datafield>
  <datafield tag="100" ind1="1" ind2=" ">
    <subfield code="a">Robbins, Hargus</subfield>
  </datafield>
  <datafield tag="370" ind1=" " ind2=" ">
    <subfield code="a">Spring City (Tenn.)</subfield>
    <subfield code="c">United States</subfield>
    <subfield code="f">Nashville (Tenn.)</subfield>
    <subfield code="2">naf</subfield>
  </datafield>
  <datafield tag="374" ind1=" " ind2=" ">
    <subfield code="a">Pianists</subfield>
    <subfield code="2">lcdgt</subfield>
  </datafield>
  <datafield tag="374" ind1=" " ind2=" ">
    <subfield code="a">Keyboard players</subfield>
    <subfield code="2">lcsh</subfield>
  </datafield>
  <datafield tag="378" ind1=" " ind2=" ">
    <subfield code="q">Hargus Melvin</subfield>
  </datafield>
  <datafield tag="400" ind1="1" ind2=" ">
    <subfield code="a">Robbins, Pig</subfield>
  </datafield>
  <datafield tag="400" ind1="1" ind2=" ">
    <subfield code="a">Robbins, Mel,</subfield>
    <subfield code="d">1938-</subfield>
  </datafield>
  <datafield tag="670" ind1=" " ind2=" ">
    <subfield code="a">Hargus &quot;Pig&quot; Robbins, country instrumentalist of the year [SR] p1977:</subfield>
    <subfield code="b">label (Hargus &quot;Pig&quot; Robbins&quot;)</subfield>
  </datafield>
  <datafield tag="670" ind1=" " ind2=" ">
    <subfield code="a">Wikipedia, January 3, 2020</subfield>
    <subfield code="b">(Hargus &quot;Pig&quot; Robbins; Hargus Melvin &quot;Pig&quot; Robbins; born January 18, 1938, Spring City, Tennessee; blind American session keyboard and piano player)</subfield>
  </datafield>
  <datafield tag="670" ind1=" " ind2=" ">
    <subfield code="a">Discogs WWW site, January 3, 2020</subfield>
    <subfield code="b">(Hargus Robbins; Hargus Melvin Robbins; prominent session keyboardist and pianist in Nashville, Tennessee; also known as Mel Robbins and Mel &quot;Pig&quot; Robbins)</subfield>
  </datafield>
  <datafield tag="953" ind1=" " ind2=" ">
    <subfield code="a">ns31</subfield>
  </datafield>
</record>