
<record>
  <leader>01333cz  a2200229n  4500</leader>
  <controlfield tag="001">3132860</controlfield>
  <controlfield tag="003">DLC</controlfield>
  <controlfield tag="005">20200104073520.0</controlfield>
  <controlfield tag="008">940707n| azannaabn          |n aaa      </controlfield>
  <datafield tag="010" ind1=" " ind2=" ">
    <subfield code="a">n  94064656 </subfield>
  </datafield>
  <datafield tag="035" ind1=" " ind2=" ">
    <subfield code="a">(OCoLC)oca03638523</subfield>
  </datafield>
  <datafield tag="040" ind1=" " ind2=" ">
    <subfield code="a">DLC</subfield>
    <subfield code="b">eng</subfield>
    <subfield code="e">rda</subfield>
    <subfield code="c">DLC</subfield>
    <subfield code="d">Sd</subfield>
  </datafield>
  <datafield tag="046" ind1=" " ind2=" ">
    <subfield code="f">1922-05-18</subfield>
    <subfield code="g">2013-09-05</subfield>
    <subfield code="2">edtf</subfield>
  </datafield>
  <datafield tag="100" ind1="1" ind2=" ">
    <subfield code="a">Sundstrom, Jessie Y.</subfield>
  </datafield>
  <datafield tag="370" ind1=" " ind2=" ">
    <subfield code="a">Rapid City (S.D.)</subfield>
    <subfield code="b">Custer (S.D.)</subfield>
    <subfield code="e">Deadwood (S.D.)</subfield>
    <subfield code="2">naf</subfield>
  </datafield>
  <datafield tag="373" ind1=" " ind2=" ">
    <subfield code="a">South Dakota School of Mines and Technology</subfield>
    <subfield code="a">Black Hills State College</subfield>
    <subfield code="2">naf</subfield>
  </datafield>
  <datafield tag="373" ind1=" " ind2=" ">
    <subfield code="a">Black Hills Business College</subfield>
  </datafield>
  <datafield tag="375" ind1=" " ind2=" ">
    <subfield code="a">Females</subfield>
    <subfield code="2">lcdgt</subfield>
  </datafield>
  <datafield tag="377" ind1=" " ind2=" ">
    <subfield code="a">eng</subfield>
  </datafield>
  <datafield tag="670" ind1=" " ind2=" ">
    <subfield code="a">Pioneers and Custer State Park, c1994:</subfield>
    <subfield code="b">t.p. (Jessie Y. Sundstrom)</subfield>
  </datafield>
  <datafield tag="670" ind1=" " ind2=" ">
    <subfield code="a">Chamberlain McColley&apos;s Funeral Home website, January 3, 2020</subfield>
    <subfield code="b">(Jessie Sundstrom; May 18, 1922 to September 5, 2013; Jessie Y. Sundstrom, former publisher of the Custer County Chronicle, died September 5 at her home in Custer. She was 91. She was born in Rapid City and spent her early years there and in Custer. She grew up in Deadwood, graduating from high school there in 1940. She completed a secretarial course at Black Hills Business College in Rapid City in 1943, and later took classes at the South Dakota School of Mines and Technology and Black Hills State College)</subfield>
    <subfield code="u">http://www.mccolleyschapels.com/obituary/2225437</subfield>
  </datafield>
  <datafield tag="953" ind1=" " ind2=" ">
    <subfield code="a">lh10</subfield>
  </datafield>
</record>