
<record>
  <leader>00703cz  a2200217n  4500</leader>
  <controlfield tag="001">3205615</controlfield>
  <controlfield tag="003">DLC</controlfield>
  <controlfield tag="005">20200104073510.0</controlfield>
  <controlfield tag="008">971002n| azannaabn          |b aaa      </controlfield>
  <datafield tag="010" ind1=" " ind2=" ">
    <subfield code="a">n  97100526 </subfield>
  </datafield>
  <datafield tag="035" ind1=" " ind2=" ">
    <subfield code="a">(OCoLC)oca04465194</subfield>
  </datafield>
  <datafield tag="040" ind1=" " ind2=" ">
    <subfield code="a">DLC</subfield>
    <subfield code="b">eng</subfield>
    <subfield code="e">rda</subfield>
    <subfield code="c">DLC</subfield>
    <subfield code="d">WU</subfield>
  </datafield>
  <datafield tag="046" ind1=" " ind2=" ">
    <subfield code="f">1925</subfield>
    <subfield code="2">edtf</subfield>
  </datafield>
  <datafield tag="100" ind1="1" ind2=" ">
    <subfield code="a">Popov, I. M.</subfield>
    <subfield code="q">(Ivan Mikhaĭlovich),</subfield>
    <subfield code="d">1925-</subfield>
  </datafield>
  <datafield tag="375" ind1=" " ind2=" ">
    <subfield code="a">Males</subfield>
    <subfield code="2">lcdgt</subfield>
  </datafield>
  <datafield tag="377" ind1=" " ind2=" ">
    <subfield code="a">rus</subfield>
  </datafield>
  <datafield tag="400" ind1="1" ind2=" ">
    <subfield code="a">Попов, И. М.</subfield>
    <subfield code="q">(Иван Михайлович),</subfield>
    <subfield code="d">1925-</subfield>
  </datafield>
  <datafield tag="400" ind1="1" ind2=" ">
    <subfield code="a">Popov, Ivan Mikhaĭlovich,</subfield>
    <subfield code="d">1925-</subfield>
  </datafield>
  <datafield tag="667" ind1=" " ind2=" ">
    <subfield code="a">Non-Latin script reference not evaluated.</subfield>
  </datafield>
  <datafield tag="670" ind1=" " ind2=" ">
    <subfield code="a">Sibirskoe pole, 1995:</subfield>
    <subfield code="b">t.p. (I.M. Popov) p. preceding t.p. (Popov, Ivan Mikhaĭlovich, b. 1925)</subfield>
  </datafield>
  <datafield tag="953" ind1=" " ind2=" ">
    <subfield code="a">jb07</subfield>
  </datafield>
</record>