
<record>
  <leader>01174cz  a2200253n  4500</leader>
  <controlfield tag="001">3226651</controlfield>
  <controlfield tag="003">DLC</controlfield>
  <controlfield tag="005">20200104073444.0</controlfield>
  <controlfield tag="008">980123n| azannaabn          |a aaa     c</controlfield>
  <datafield tag="010" ind1=" " ind2=" ">
    <subfield code="a">no 98038996 </subfield>
  </datafield>
  <datafield tag="035" ind1=" " ind2=" ">
    <subfield code="a">(OCoLC)oca04621482</subfield>
  </datafield>
  <datafield tag="040" ind1=" " ind2=" ">
    <subfield code="a">OCoLC</subfield>
    <subfield code="b">eng</subfield>
    <subfield code="e">rda</subfield>
    <subfield code="c">OCoLC</subfield>
    <subfield code="d">InU-AT</subfield>
    <subfield code="d">OOC</subfield>
  </datafield>
  <datafield tag="046" ind1=" " ind2=" ">
    <subfield code="f">1936-04-30</subfield>
    <subfield code="g">2014-05-03</subfield>
    <subfield code="2">edtf</subfield>
  </datafield>
  <datafield tag="100" ind1="1" ind2=" ">
    <subfield code="a">Gregg, Bobby</subfield>
  </datafield>
  <datafield tag="370" ind1=" " ind2=" ">
    <subfield code="a">Philadelphia (Pa.)</subfield>
    <subfield code="b">Las Vegas (Nev.)</subfield>
    <subfield code="c">United States</subfield>
    <subfield code="2">naf</subfield>
  </datafield>
  <datafield tag="374" ind1=" " ind2=" ">
    <subfield code="a">Drummers</subfield>
    <subfield code="2">lcdgt</subfield>
  </datafield>
  <datafield tag="374" ind1=" " ind2=" ">
    <subfield code="a">Sound recording executives and producers</subfield>
    <subfield code="2">lcsh</subfield>
  </datafield>
  <datafield tag="400" ind1="1" ind2=" ">
    <subfield code="a">Gregg, Robert J.,</subfield>
    <subfield code="d">1936-2014</subfield>
  </datafield>
  <datafield tag="400" ind1="1" ind2=" ">
    <subfield code="a">Grego, Robert</subfield>
  </datafield>
  <datafield tag="667" ind1=" " ind2=" ">
    <subfield code="a">Machine-derived authority record.</subfield>
  </datafield>
  <datafield tag="670" ind1=" " ind2=" ">
    <subfield code="a">LCCN 93-727874: Let&apos;s stomp ; and, Wild weekend, 1963?</subfield>
  </datafield>
  <datafield tag="670" ind1=" " ind2=" ">
    <subfield code="a">Wikipedia, January 3, 2020</subfield>
    <subfield code="b">(Bobby Gregg; Robert J. Gregg; born Robert Grego, April 30, 1936, Philadelphia, Pennsylvania; died May 3, 2014, Las Vegas, Nevada; American drummer and record producer; performed on several seminal 1960s songs, including Bob Dylan&apos;s &quot;Like a rolling stone&quot; and Simon and Garfunkel&apos;s &quot;The sound of silence&quot;; also temporarily a member of The Hawks, which later became known as The Band)</subfield>
  </datafield>
  <datafield tag="953" ind1=" " ind2=" ">
    <subfield code="a">xx00</subfield>
  </datafield>
  <datafield tag="985" ind1=" " ind2=" ">
    <subfield code="c">OCLC</subfield>
    <subfield code="e">LSPC</subfield>
  </datafield>
</record>