
<record>
  <leader>01316cz  a2200229n  4500</leader>
  <controlfield tag="001">3226912</controlfield>
  <controlfield tag="003">DLC</controlfield>
  <controlfield tag="005">20200104073426.0</controlfield>
  <controlfield tag="008">981030nc azannaabn          |b aaa     c</controlfield>
  <datafield tag="010" ind1=" " ind2=" ">
    <subfield code="a">nr 98039866 </subfield>
  </datafield>
  <datafield tag="035" ind1=" " ind2=" ">
    <subfield code="a">(OCoLC)oca04850900</subfield>
  </datafield>
  <datafield tag="040" ind1=" " ind2=" ">
    <subfield code="a">CtY</subfield>
    <subfield code="b">eng</subfield>
    <subfield code="c">CtY</subfield>
    <subfield code="d">OCoLC</subfield>
    <subfield code="d">DLC</subfield>
    <subfield code="e">rda</subfield>
    <subfield code="d">MH</subfield>
  </datafield>
  <datafield tag="100" ind1="1" ind2=" ">
    <subfield code="a">Wang, Ao</subfield>
  </datafield>
  <datafield tag="400" ind1="1" ind2=" ">
    <subfield code="a">王敖</subfield>
  </datafield>
  <datafield tag="667" ind1=" " ind2=" ">
    <subfield code="a">Machine-derived non-Latin script reference project.</subfield>
  </datafield>
  <datafield tag="667" ind1=" " ind2=" ">
    <subfield code="a">Non-Latin script reference not evaluated.</subfield>
  </datafield>
  <datafield tag="667" ind1=" " ind2=" ">
    <subfield code="a">Non-Latin script references reviewed in NACO CJK Funnel References Project.</subfield>
  </datafield>
  <datafield tag="670" ind1=" " ind2=" ">
    <subfield code="a">His Pʻeng-kʻo mao, 1998:</subfield>
    <subfield code="b">t.p.(Wang Ao) biog. data (native of Shan-tung Chʻing-tao; entered Pei-ching ta hsüeh Chung wen hsi in 1995)</subfield>
  </datafield>
  <datafield tag="670" ind1=" " ind2=" ">
    <subfield code="a">Spatial imaginaries in mid-Tang China, 2018:</subfield>
    <subfield code="b">ECIP t.p. (Ao Wang) data view (Assistant Professor of East Asian Studies at Wesleyan University; he has received awards for his own poetry, including the 2016 Shi Jianshe New Poet Prize and the 2014 Renmin Wenxue New Writer Prize, and he translates poetry from and into Chinese, including works of Wallace Stevens, W. H. Auden, and Seamus Heaney; BA Beijing University, MA Washington University,  PHD Yale University)</subfield>
  </datafield>
  <datafield tag="670" ind1=" " ind2=" ">
    <subfield code="a">OCLC #40274980, January 3, 2020</subfield>
    <subfield code="b">(access point: 王敖= Wang, Ao ; usage: 王敖 = Wang Ao )</subfield>
  </datafield>
  <datafield tag="953" ind1=" " ind2=" ">
    <subfield code="a">xx00</subfield>
  </datafield>
  <datafield tag="985" ind1=" " ind2=" ">
    <subfield code="c">RLG</subfield>
    <subfield code="e">LSPC</subfield>
  </datafield>
</record>