
<record>
  <leader>01224cz  a2200241n  4500</leader>
  <controlfield tag="001">3263941</controlfield>
  <controlfield tag="003">DLC</controlfield>
  <controlfield tag="005">20200104073347.0</controlfield>
  <controlfield tag="008">800718n| azannaabn           n aaa      </controlfield>
  <datafield tag="010" ind1=" " ind2=" ">
    <subfield code="a">n  50025420 </subfield>
  </datafield>
  <datafield tag="035" ind1=" " ind2=" ">
    <subfield code="a">(OCoLC)oca00060818</subfield>
  </datafield>
  <datafield tag="040" ind1=" " ind2=" ">
    <subfield code="a">DLC</subfield>
    <subfield code="b">eng</subfield>
    <subfield code="e">rda</subfield>
    <subfield code="c">DLC</subfield>
    <subfield code="d">OCoLC</subfield>
    <subfield code="d">DLC</subfield>
    <subfield code="d">ScU</subfield>
    <subfield code="d">OO</subfield>
  </datafield>
  <datafield tag="046" ind1=" " ind2=" ">
    <subfield code="f">1850-04-20</subfield>
    <subfield code="g">1931-10-07</subfield>
    <subfield code="2">edtf</subfield>
  </datafield>
  <datafield tag="100" ind1="1" ind2=" ">
    <subfield code="a">French, Daniel Chester,</subfield>
    <subfield code="d">1850-1931</subfield>
  </datafield>
  <datafield tag="370" ind1=" " ind2=" ">
    <subfield code="a">Exeter (N.H.)</subfield>
    <subfield code="b">Stockbridge (Mass.)</subfield>
    <subfield code="2">naf</subfield>
  </datafield>
  <datafield tag="372" ind1=" " ind2=" ">
    <subfield code="a">Sculpture</subfield>
    <subfield code="a">Public sculpture</subfield>
    <subfield code="2">lcsh</subfield>
  </datafield>
  <datafield tag="374" ind1=" " ind2=" ">
    <subfield code="a">Sculptors</subfield>
    <subfield code="2">lcsh</subfield>
  </datafield>
  <datafield tag="375" ind1=" " ind2=" ">
    <subfield code="a">Males</subfield>
    <subfield code="2">lcdgt</subfield>
  </datafield>
  <datafield tag="377" ind1=" " ind2=" ">
    <subfield code="a">eng</subfield>
  </datafield>
  <datafield tag="670" ind1=" " ind2=" ">
    <subfield code="a">Monument man : the life and art of Daniel Chester French, 2019:</subfield>
    <subfield code="b">book jacket (Occupation, sculptor ; birth year, 1850 ; year of death, 1931)</subfield>
  </datafield>
  <datafield tag="670" ind1=" " ind2=" ">
    <subfield code="a">Wikipedia web site, October 25, 2019:</subfield>
    <subfield code="b">(Daniel Chester French (April 20, 1850 - October 7, 1931), one of the most prolific and acclaimed American sculptors of the late nineteenth and early twentieth centuries, is best known for his design of the monumental statue of Abraham Lincoln (1920) in the Lincoln Memorial, Washington, DC. ; born in Exeter, New Hampshire ; French died in Stockbridge, Massachusetts)</subfield>
    <subfield code="u">https://en.wikipedia.org/wiki/Daniel_Chester_French</subfield>
  </datafield>
  <datafield tag="952" ind1=" " ind2=" ">
    <subfield code="a">RETRO</subfield>
  </datafield>
  <datafield tag="953" ind1=" " ind2=" ">
    <subfield code="a">xx00</subfield>
  </datafield>
</record>