
<record>
  <leader>02045cz  a2200529n  4500</leader>
  <controlfield tag="001">3287330</controlfield>
  <controlfield tag="003">DLC</controlfield>
  <controlfield tag="005">20200104073354.0</controlfield>
  <controlfield tag="008">790814n| azannaabn          |a ana      </controlfield>
  <datafield tag="010" ind1=" " ind2=" ">
    <subfield code="a">n  79066590 </subfield>
    <subfield code="z">sh 85015381 </subfield>
  </datafield>
  <datafield tag="016" ind1=" " ind2=" ">
    <subfield code="a">0053F3429E</subfield>
  </datafield>
  <datafield tag="034" ind1=" " ind2=" ">
    <subfield code="d">W0650000</subfield>
    <subfield code="e">W0650000</subfield>
    <subfield code="f">S0170000</subfield>
    <subfield code="g">S0170000</subfield>
    <subfield code="2">geonames</subfield>
  </datafield>
  <datafield tag="034" ind1=" " ind2=" ">
    <subfield code="d">W0693800</subfield>
    <subfield code="e">W0572700</subfield>
    <subfield code="f">S0094000</subfield>
    <subfield code="g">S0225400</subfield>
    <subfield code="2">bound</subfield>
  </datafield>
  <datafield tag="034" ind1=" " ind2=" ">
    <subfield code="d">W0693800</subfield>
    <subfield code="e">W0572700</subfield>
    <subfield code="f">S0094000</subfield>
    <subfield code="g">S0225300</subfield>
    <subfield code="2">bound</subfield>
  </datafield>
  <datafield tag="035" ind1=" " ind2=" ">
    <subfield code="a">(OCoLC)oca00299475</subfield>
  </datafield>
  <datafield tag="040" ind1=" " ind2=" ">
    <subfield code="a">DLC</subfield>
    <subfield code="b">eng</subfield>
    <subfield code="e">rda</subfield>
    <subfield code="c">DLC</subfield>
    <subfield code="d">DLC</subfield>
    <subfield code="d">WaU</subfield>
    <subfield code="d">OCoLC</subfield>
    <subfield code="d">CSt</subfield>
    <subfield code="d">DLC-S</subfield>
    <subfield code="d">CSt</subfield>
    <subfield code="d">WaU</subfield>
    <subfield code="d">CaOONL</subfield>
  </datafield>
  <datafield tag="042" ind1=" " ind2=" ">
    <subfield code="a">nlc</subfield>
  </datafield>
  <datafield tag="043" ind1=" " ind2=" ">
    <subfield code="a">s-bo---</subfield>
  </datafield>
  <datafield tag="151" ind1=" " ind2=" ">
    <subfield code="a">Bolivia</subfield>
  </datafield>
  <datafield tag="368" ind1=" " ind2=" ">
    <subfield code="b">Country</subfield>
    <subfield code="b">Independent political entity</subfield>
  </datafield>
  <datafield tag="368" ind1=" " ind2=" ">
    <subfield code="b">Countries (sovereign states)</subfield>
    <subfield code="2">aat</subfield>
  </datafield>
  <datafield tag="368" ind1=" " ind2=" ">
    <subfield code="b">Republics</subfield>
    <subfield code="2">lcsh</subfield>
  </datafield>
  <datafield tag="368" ind1=" " ind2=" ">
    <subfield code="b">Nations</subfield>
    <subfield code="2">aat</subfield>
  </datafield>
  <datafield tag="368" ind1=" " ind2=" ">
    <subfield code="b">Nation</subfield>
    <subfield code="b">National state</subfield>
    <subfield code="2">thesoz</subfield>
  </datafield>
  <datafield tag="368" ind1=" " ind2=" ">
    <subfield code="b">State</subfield>
    <subfield code="2">eurovocen</subfield>
  </datafield>
  <datafield tag="368" ind1=" " ind2=" ">
    <subfield code="b">State</subfield>
    <subfield code="2">stw</subfield>
  </datafield>
  <datafield tag="370" ind1=" " ind2=" ">
    <subfield code="f">South America</subfield>
    <subfield code="2">lcsh</subfield>
  </datafield>
  <datafield tag="451" ind1=" " ind2=" ">
    <subfield code="a">Alto Perú</subfield>
  </datafield>
  <datafield tag="451" ind1=" " ind2=" ">
    <subfield code="a">Upper Peru</subfield>
  </datafield>
  <datafield tag="451" ind1=" " ind2=" ">
    <subfield code="a">Republic of Bolivia</subfield>
  </datafield>
  <datafield tag="451" ind1=" " ind2=" ">
    <subfield code="a">República de Bolivia</subfield>
  </datafield>
  <datafield tag="451" ind1=" " ind2=" ">
    <subfield code="a">Estado Plurinacional de Bolivia</subfield>
  </datafield>
  <datafield tag="451" ind1=" " ind2=" ">
    <subfield code="a">Plurinational State of Bolivia</subfield>
  </datafield>
  <datafield tag="451" ind1=" " ind2=" ">
    <subfield code="a">Bulibiya</subfield>
  </datafield>
  <datafield tag="451" ind1=" " ind2=" ">
    <subfield code="a">Bulibiya Mamallaqta</subfield>
  </datafield>
  <datafield tag="451" ind1=" " ind2=" ">
    <subfield code="a">Wuliwya</subfield>
  </datafield>
  <datafield tag="451" ind1=" " ind2=" ">
    <subfield code="a">Wuliwya Suya</subfield>
  </datafield>
  <datafield tag="451" ind1=" " ind2=" ">
    <subfield code="a">Bolivija</subfield>
  </datafield>
  <datafield tag="551" ind1=" " ind2=" ">
    <subfield code="a">Peru-Bolivian Confederation</subfield>
  </datafield>
  <datafield tag="667" ind1=" " ind2=" ">
    <subfield code="a">The following heading for the earlier name is a valid AACR 2 heading: Upper Peru</subfield>
  </datafield>
  <datafield tag="670" ind1=" " ind2=" ">
    <subfield code="a">Wikipedia, July 11, 2006</subfield>
    <subfield code="b">(Bolivia, officially the Republic of Bolivia (Spanish: República de Bolivia, Quechua: Bulibiya, Aymara: Wuliwya)); viewed 04/04/2012: (Bolivia, officially known as the Plurinational State of Bolivia Spanish: Estado Plurinacional de Bolivia; Quechua: Bulibiya Mamallaqta, Aymara: Wuliwya Suyu)</subfield>
  </datafield>
  <datafield tag="670" ind1=" " ind2=" ">
    <subfield code="a">GeoNames, algorithmically matched, 2009</subfield>
    <subfield code="b">(pcl; 17°00ʹ00ʺS 065°00ʹ00ʺW)</subfield>
  </datafield>
  <datafield tag="670" ind1=" " ind2=" ">
    <subfield code="a">Kotnik, Janko. Slovensko-angleški slovar, 1962:</subfield>
    <subfield code="b">page 753 (Bolivija: Bolivia)</subfield>
  </datafield>
  <datafield tag="751" ind1=" " ind2="6">
    <subfield code="a">Bolivie</subfield>
    <subfield code="0">(CaOONL)ncf10165333</subfield>
  </datafield>
  <datafield tag="781" ind1=" " ind2="0">
    <subfield code="z">Bolivia</subfield>
  </datafield>
  <datafield tag="952" ind1=" " ind2=" ">
    <subfield code="a">RETRO</subfield>
  </datafield>
  <datafield tag="953" ind1=" " ind2=" ">
    <subfield code="a">xx00</subfield>
    <subfield code="b">lc06</subfield>
  </datafield>
</record>