
<record>
  <leader>00597cz  a2200181n  4500</leader>
  <controlfield tag="001">3289611</controlfield>
  <controlfield tag="003">DLC</controlfield>
  <controlfield tag="005">20200104073356.0</controlfield>
  <controlfield tag="008">790817n| azannaabn          |a aaa      </controlfield>
  <datafield tag="010" ind1=" " ind2=" ">
    <subfield code="a">n  79090500 </subfield>
  </datafield>
  <datafield tag="035" ind1=" " ind2=" ">
    <subfield code="a">(OCoLC)oca00322857</subfield>
  </datafield>
  <datafield tag="040" ind1=" " ind2=" ">
    <subfield code="a">DLC</subfield>
    <subfield code="b">eng</subfield>
    <subfield code="e">rda</subfield>
    <subfield code="c">DLC</subfield>
    <subfield code="d">DLC</subfield>
    <subfield code="d">DNLM</subfield>
  </datafield>
  <datafield tag="046" ind1=" " ind2=" ">
    <subfield code="f">1939-04-26</subfield>
    <subfield code="2">edtf</subfield>
  </datafield>
  <datafield tag="100" ind1="1" ind2=" ">
    <subfield code="a">Guntern, G.</subfield>
    <subfield code="q">(Gottlieb),</subfield>
    <subfield code="d">1939-</subfield>
  </datafield>
  <datafield tag="378" ind1=" " ind2=" ">
    <subfield code="q">Gottlieb</subfield>
  </datafield>
  <datafield tag="400" ind1="1" ind2=" ">
    <subfield code="a">Guntern, Gottlieb,</subfield>
    <subfield code="d">1939-</subfield>
  </datafield>
  <datafield tag="670" ind1=" " ind2=" ">
    <subfield code="a">His Social change, stress, and mental health in the Pearl of the Alps, 1979:</subfield>
    <subfield code="b">t.p. (G. Guntern) foreword (Gottlieb Guntern) CIP data sheet (b. 4/26/39)</subfield>
  </datafield>
  <datafield tag="953" ind1=" " ind2=" ">
    <subfield code="a">be20</subfield>
    <subfield code="b">bd01</subfield>
  </datafield>
</record>