
<record>
  <leader>01580cz  a2200253n  4500</leader>
  <controlfield tag="001">3292222</controlfield>
  <controlfield tag="003">DLC</controlfield>
  <controlfield tag="005">20200104073357.0</controlfield>
  <controlfield tag="008">800730n| azannaabn          |a ana      </controlfield>
  <datafield tag="010" ind1=" " ind2=" ">
    <subfield code="a">n  79117990 </subfield>
  </datafield>
  <datafield tag="035" ind1=" " ind2=" ">
    <subfield code="a">(OCoLC)oca00349683</subfield>
  </datafield>
  <datafield tag="040" ind1=" " ind2=" ">
    <subfield code="a">DLC</subfield>
    <subfield code="b">eng</subfield>
    <subfield code="e">rda</subfield>
    <subfield code="c">DLC</subfield>
    <subfield code="d">DLC</subfield>
    <subfield code="d">P</subfield>
    <subfield code="d">KyU</subfield>
  </datafield>
  <datafield tag="046" ind1=" " ind2=" ">
    <subfield code="s">1965</subfield>
    <subfield code="2">edtf</subfield>
  </datafield>
  <datafield tag="110" ind1="2" ind2=" ">
    <subfield code="a">Appalachian Regional Commission</subfield>
  </datafield>
  <datafield tag="368" ind1=" " ind2=" ">
    <subfield code="a">Economic development projects</subfield>
    <subfield code="2">lcsh</subfield>
  </datafield>
  <datafield tag="410" ind1="1" ind2=" ">
    <subfield code="a">United States.</subfield>
    <subfield code="b">Appalachian Regional Commission</subfield>
  </datafield>
  <datafield tag="410" ind1="1" ind2=" ">
    <subfield code="a">ARC</subfield>
  </datafield>
  <datafield tag="670" ind1=" " ind2=" ">
    <subfield code="a">Its Report, 1965-</subfield>
  </datafield>
  <datafield tag="670" ind1=" " ind2=" ">
    <subfield code="a">NUCMC data from Univ. of Ill. at Urbana-Champaign Archives for Keyes, S. Papers, 1920-1978</subfield>
    <subfield code="b">(Appalachian Regional Commission)</subfield>
  </datafield>
  <datafield tag="670" ind1=" " ind2=" ">
    <subfield code="a">LC data base, 12-10-91</subfield>
    <subfield code="b">(hdg.: Appalachian Regional Commission) LC manual cat. (created by Appalachian Regional Development Act (Mar. 9, 1965); consists of the governors or their representatives from each of the 12 Appalachian states and the federal co-chairmen appointed by the president)</subfield>
  </datafield>
  <datafield tag="670" ind1=" " ind2=" ">
    <subfield code="a">Appalachia an economic report, 1977:</subfield>
    <subfield code="b">p. 2 of cover (ARC; Appalachian Regional Commission; composed of governors of 13 states)</subfield>
  </datafield>
  <datafield tag="670" ind1=" " ind2=" ">
    <subfield code="a">Kentucky encyclopedia, ©1992:</subfield>
    <subfield code="b">pages 25-26 (Appalachian Regional Commission was created when President Lyndon B. Johnson signed it into law in 1965 to spur economic development in Appalachia.  Funds from the program were used to build highways, sewer and water lines, health care facilities, low cost housing, vocation schools, airport facilities, as well as support childhood development and dropout prevention efforts.)</subfield>
  </datafield>
  <datafield tag="952" ind1=" " ind2=" ">
    <subfield code="a">RETRO</subfield>
  </datafield>
  <datafield tag="953" ind1=" " ind2=" ">
    <subfield code="a">xx00</subfield>
    <subfield code="b">vm11</subfield>
  </datafield>
</record>