
<record>
  <leader>03906cz  a2200649n  4500</leader>
  <controlfield tag="001">3308311</controlfield>
  <controlfield tag="003">DLC</controlfield>
  <controlfield tag="005">20200104073400.0</controlfield>
  <controlfield tag="008">801103n| azannaabn          |b aaa      </controlfield>
  <datafield tag="010" ind1=" " ind2=" ">
    <subfield code="a">n  80133010 </subfield>
  </datafield>
  <datafield tag="035" ind1=" " ind2=" ">
    <subfield code="a">(OCoLC)oca00513360</subfield>
  </datafield>
  <datafield tag="040" ind1=" " ind2=" ">
    <subfield code="a">DLC</subfield>
    <subfield code="b">eng</subfield>
    <subfield code="e">rda</subfield>
    <subfield code="c">DLC</subfield>
    <subfield code="d">InU</subfield>
    <subfield code="d">OCoLC</subfield>
    <subfield code="d">InU</subfield>
    <subfield code="d">OCoLC</subfield>
    <subfield code="d">DLC</subfield>
    <subfield code="d">Uk</subfield>
    <subfield code="d">MoSU</subfield>
    <subfield code="d">OCoLC</subfield>
    <subfield code="d">DLC</subfield>
    <subfield code="d">UPB</subfield>
    <subfield code="d">DNLM</subfield>
    <subfield code="d">IEN</subfield>
    <subfield code="d">CU-I</subfield>
  </datafield>
  <datafield tag="046" ind1=" " ind2=" ">
    <subfield code="f">0865?</subfield>
    <subfield code="g">0925?</subfield>
    <subfield code="2">edtf</subfield>
  </datafield>
  <datafield tag="100" ind1="1" ind2=" ">
    <subfield code="a">Rāzī, Abū Bakr Muḥammad ibn Zakarīyā,</subfield>
    <subfield code="d">865?-925?</subfield>
  </datafield>
  <datafield tag="370" ind1=" " ind2=" ">
    <subfield code="a">Ray (Iran)</subfield>
    <subfield code="2">naf</subfield>
  </datafield>
  <datafield tag="372" ind1=" " ind2=" ">
    <subfield code="a">Medicine</subfield>
    <subfield code="a">Islamic philosophy</subfield>
    <subfield code="2">lcsh</subfield>
  </datafield>
  <datafield tag="374" ind1=" " ind2=" ">
    <subfield code="a">Physicians</subfield>
    <subfield code="a">Philosophers</subfield>
    <subfield code="2">lcsh</subfield>
  </datafield>
  <datafield tag="375" ind1=" " ind2=" ">
    <subfield code="a">male</subfield>
  </datafield>
  <datafield tag="377" ind1=" " ind2=" ">
    <subfield code="a">ara</subfield>
  </datafield>
  <datafield tag="400" ind1="1" ind2=" ">
    <subfield code="a">Muḥammad ibn Zakarīyā, Abū Bakr,</subfield>
    <subfield code="c">al-Rāzī,</subfield>
    <subfield code="d">865?-925?</subfield>
  </datafield>
  <datafield tag="400" ind1="0" ind2=" ">
    <subfield code="a">Abū Bakr al-Rāzī,</subfield>
    <subfield code="d">865?-925?</subfield>
  </datafield>
  <datafield tag="400" ind1="0" ind2=" ">
    <subfield code="a">Rhazes,</subfield>
    <subfield code="d">865?-925?</subfield>
  </datafield>
  <datafield tag="400" ind1="0" ind2=" ">
    <subfield code="a">Rasis,</subfield>
    <subfield code="d">865?-925?</subfield>
  </datafield>
  <datafield tag="400" ind1="0" ind2=" ">
    <subfield code="a">Rhases,</subfield>
    <subfield code="d">865?-925?</subfield>
  </datafield>
  <datafield tag="400" ind1="1" ind2=" ">
    <subfield code="a">Rāzī, Muḥammad ibn Zakarīyāʼ,</subfield>
    <subfield code="d">865?-925?</subfield>
  </datafield>
  <datafield tag="400" ind1="0" ind2=" ">
    <subfield code="a">Abu Bakr Mukhammed ibn Zakariĭĭa ar-Razi,</subfield>
    <subfield code="d">865?-925?</subfield>
  </datafield>
  <datafield tag="400" ind1="0" ind2=" ">
    <subfield code="a">Abubetrus Rhaza Maomethus,</subfield>
    <subfield code="d">865?-925?</subfield>
  </datafield>
  <datafield tag="400" ind1="1" ind2=" ">
    <subfield code="a">Razi, Aboubakr Mohammad ibn Zakarria,</subfield>
    <subfield code="d">865?-925?</subfield>
  </datafield>
  <datafield tag="400" ind1="0" ind2=" ">
    <subfield code="a">Abū Bakr Muḥammad ibn Zakarīyā al-Rāzī,</subfield>
    <subfield code="d">865?-925?</subfield>
  </datafield>
  <datafield tag="400" ind1="1" ind2=" ">
    <subfield code="a">Rāzī, Abū Bakr,</subfield>
    <subfield code="d">865?-925?</subfield>
  </datafield>
  <datafield tag="400" ind1="0" ind2=" ">
    <subfield code="a">Muḥammad ibn Zakarīyāʼ al-Rāzī,</subfield>
    <subfield code="d">865?-925?</subfield>
  </datafield>
  <datafield tag="400" ind1="1" ind2=" ">
    <subfield code="a">Razi, Abu Bakr Mukhammed ibn Zakariĭĭa,</subfield>
    <subfield code="d">865?-925?</subfield>
  </datafield>
  <datafield tag="400" ind1="0" ind2=" ">
    <subfield code="a">Aboubakr Mohammad ibn Zakarria Razi,</subfield>
    <subfield code="d">865?-925?</subfield>
  </datafield>
  <datafield tag="400" ind1="0" ind2=" ">
    <subfield code="a">Abu Bakr Roziĭ,</subfield>
    <subfield code="d">865?-925?</subfield>
  </datafield>
  <datafield tag="400" ind1="1" ind2=" ">
    <subfield code="a">Roziĭ, Abu Bakr,</subfield>
    <subfield code="d">865?-925?</subfield>
  </datafield>
  <datafield tag="400" ind1="0" ind2=" ">
    <subfield code="a">Abu Bakr Ar-Razi,</subfield>
    <subfield code="d">865?-925?</subfield>
  </datafield>
  <datafield tag="400" ind1="1" ind2=" ">
    <subfield code="a">Ṣayrafī, Muḥammad ibn Zakariyā,</subfield>
    <subfield code="d">865?-925?</subfield>
  </datafield>
  <datafield tag="400" ind1="0" ind2=" ">
    <subfield code="a">Ḥakīm Rāzī,</subfield>
    <subfield code="d">865?-925?</subfield>
  </datafield>
  <datafield tag="400" ind1="1" ind2=" ">
    <subfield code="a">Rhasis, Mohammed,</subfield>
    <subfield code="d">865?-925?</subfield>
  </datafield>
  <datafield tag="400" ind1="1" ind2=" ">
    <subfield code="a">Rhazes, Mohammad Zachary,</subfield>
    <subfield code="d">865?-925?</subfield>
  </datafield>
  <datafield tag="400" ind1="1" ind2=" ">
    <subfield code="a">الرازي، أبو بكر محمد بن زكريا,</subfield>
    <subfield code="d">865?-925?</subfield>
  </datafield>
  <datafield tag="400" ind1="1" ind2=" ">
    <subfield code="a">رازى، ابو بكر محمد ابن زكرياى,</subfield>
    <subfield code="d">865?-925?</subfield>
  </datafield>
  <datafield tag="400" ind1="1" ind2=" ">
    <subfield code="a">رازى، ابو بكر محمد بن زكريا,</subfield>
    <subfield code="d">865?-925?</subfield>
  </datafield>
  <datafield tag="400" ind1="1" ind2=" ">
    <subfield code="a">رازي، أبو بکر محمد بن زکريا,</subfield>
    <subfield code="d">865?-925?</subfield>
  </datafield>
  <datafield tag="400" ind1="1" ind2=" ">
    <subfield code="a">رازي، ابو بكر محمد ابن زكريا,</subfield>
    <subfield code="d">865?-925?</subfield>
  </datafield>
  <datafield tag="667" ind1=" " ind2=" ">
    <subfield code="a">Machine-derived non-Latin script reference project.</subfield>
  </datafield>
  <datafield tag="667" ind1=" " ind2=" ">
    <subfield code="a">Non-Latin script references not evaluated.</subfield>
  </datafield>
  <datafield tag="670" ind1=" " ind2=" ">
    <subfield code="a">Abu Bakr Roziĭ va uning shogirdi ëzib qoldirgan kasalliklar tarikhi, 1974.</subfield>
  </datafield>
  <datafield tag="670" ind1=" " ind2=" ">
    <subfield code="a">Dukhovnai︠a︡ medit︠s︡ina, 1990:</subfield>
    <subfield code="b">t.p. (Abu Bakr Ar-Razi)</subfield>
  </datafield>
  <datafield tag="670" ind1=" " ind2=" ">
    <subfield code="a">Az̲kāyī, P. Ḥakīm Rāzī (ḥikmat-i ṭabīʻī va niẓām-i falsafī), 2003:</subfield>
    <subfield code="b">t.p. (Muḥammad ibn Zakariyā-yi Ṣayrafī) t.p. verso (Iranian CIP data: Ṣayrafī, Muḥammad ibn Zakariyā) prel. p. 1 (Ḥakīm Muḥammad ibn Zakariyā-yi Rāzī; b. 251 HQ [865]; d. 313 HQ [925]; greatest physician of the eastern world)</subfield>
  </datafield>
  <datafield tag="670" ind1=" " ind2=" ">
    <subfield code="a">Incunabula in American libraries, 1965:</subfield>
    <subfield code="b">p. 526 (Rhasis, Mohammed)</subfield>
  </datafield>
  <datafield tag="670" ind1=" " ind2=" ">
    <subfield code="a">Zindagīʻnāmah-i mashāhīr-i Īrān, 2007:</subfield>
    <subfield code="b">p. 13 (Mohammad Zachary Rhazes born in Rey in 865 AD.)</subfield>
  </datafield>
  <datafield tag="670" ind1=" " ind2=" ">
    <subfield code="a">Kitāb al-ḥāvī, mausūm bih, Ḥāvī kabīr, 2008-:</subfield>
    <subfield code="b">v. 22, t.p. (Abū Bakr Muḥammad bin Zakariyā Rāzī = ابو بکر محمّد بن زکريا رازى) p. 4 of cover (Abu Bakr Muhammad bin Zakaria al-Razi; 865-925 A.D.)</subfield>
  </datafield>
  <datafield tag="670" ind1=" " ind2=" ">
    <subfield code="a">Islamic Medical Manuscripts at the National Library of Medicine, viewed via the WWW February 24, 2012</subfield>
    <subfield code="b">bio-bibliographies (Rāzī, Abū Bakr Muḥammad ibn Zakarīyā (d. 925), born in Rayy, Iran, one of the most important and influential of all medieval Islamic physicians. Before learning medicine, he studied philsophy)</subfield>
  </datafield>
  <datafield tag="670" ind1=" " ind2=" ">
    <subfield code="a">Proofs of prophesy, 2011:</subfield>
    <subfield code="b">jacket (Abū Bakr Al-Rāzi, (d. 925), the physician and philosopher known to medieval Europe as &quot;Rhazes,&quot; towering figure in pre-modern  Islamic thought)</subfield>
  </datafield>
  <datafield tag="952" ind1=" " ind2=" ">
    <subfield code="a">RETRO</subfield>
  </datafield>
  <datafield tag="953" ind1=" " ind2=" ">
    <subfield code="a">xx00</subfield>
    <subfield code="b">wd38</subfield>
  </datafield>
</record>