
<record>
  <leader>03325cz  a2200697n  4500</leader>
  <controlfield tag="001">3308742</controlfield>
  <controlfield tag="003">DLC</controlfield>
  <controlfield tag="005">20200104073401.0</controlfield>
  <controlfield tag="008">801121nc azannaabn          |b aaa      </controlfield>
  <datafield tag="010" ind1=" " ind2=" ">
    <subfield code="a">n  80137490 </subfield>
  </datafield>
  <datafield tag="035" ind1=" " ind2=" ">
    <subfield code="a">(OCoLC)oca00517753</subfield>
  </datafield>
  <datafield tag="040" ind1=" " ind2=" ">
    <subfield code="a">DLC</subfield>
    <subfield code="b">eng</subfield>
    <subfield code="e">rda</subfield>
    <subfield code="c">DLC</subfield>
    <subfield code="d">DLC</subfield>
    <subfield code="d">NjP</subfield>
    <subfield code="d">DLC-R</subfield>
    <subfield code="d">OCoLC</subfield>
    <subfield code="d">DLC-R</subfield>
    <subfield code="d">DLC</subfield>
    <subfield code="d">OCoLC</subfield>
    <subfield code="d">DLC</subfield>
    <subfield code="d">HkUST</subfield>
    <subfield code="d">MH</subfield>
  </datafield>
  <datafield tag="046" ind1=" " ind2=" ">
    <subfield code="f">1021</subfield>
    <subfield code="g">1086</subfield>
  </datafield>
  <datafield tag="053" ind1=" " ind2="0">
    <subfield code="a">PL2686</subfield>
  </datafield>
  <datafield tag="100" ind1="1" ind2=" ">
    <subfield code="a">Wang, Anshi,</subfield>
    <subfield code="d">1021-1086</subfield>
  </datafield>
  <datafield tag="370" ind1=" " ind2=" ">
    <subfield code="c">China</subfield>
    <subfield code="2">naf</subfield>
  </datafield>
  <datafield tag="375" ind1=" " ind2=" ">
    <subfield code="a">male</subfield>
  </datafield>
  <datafield tag="377" ind1=" " ind2=" ">
    <subfield code="a">chi</subfield>
  </datafield>
  <datafield tag="400" ind1="0" ind2=" ">
    <subfield code="a">Wanganshi,</subfield>
    <subfield code="d">1021-1086</subfield>
  </datafield>
  <datafield tag="400" ind1="1" ind2=" ">
    <subfield code="w">nne</subfield>
    <subfield code="a">Wang, An-shih,</subfield>
    <subfield code="d">1021-1086</subfield>
  </datafield>
  <datafield tag="400" ind1="1" ind2=" ">
    <subfield code="a">Wang, An-sŏk,</subfield>
    <subfield code="d">1021-1086</subfield>
  </datafield>
  <datafield tag="400" ind1="1" ind2=" ">
    <subfield code="a">Vương, An Thạch,</subfield>
    <subfield code="d">1021-1086</subfield>
  </datafield>
  <datafield tag="400" ind1="1" ind2=" ">
    <subfield code="a">Ō, An-seki,</subfield>
    <subfield code="d">1021-1086</subfield>
  </datafield>
  <datafield tag="400" ind1="1" ind2=" ">
    <subfield code="a">Ō, Anseki,</subfield>
    <subfield code="d">1021-1086</subfield>
  </datafield>
  <datafield tag="400" ind1="1" ind2=" ">
    <subfield code="a">王安石,</subfield>
    <subfield code="d">1021-1086</subfield>
  </datafield>
  <datafield tag="400" ind1="1" ind2=" ">
    <subfield code="a">Wang, Jing gong,</subfield>
    <subfield code="d">1021-1086</subfield>
  </datafield>
  <datafield tag="400" ind1="1" ind2=" ">
    <subfield code="a">Wang, Ching kung,</subfield>
    <subfield code="d">1021-1086</subfield>
  </datafield>
  <datafield tag="400" ind1="1" ind2=" ">
    <subfield code="a">王荊公,</subfield>
    <subfield code="d">1021-1086</subfield>
  </datafield>
  <datafield tag="400" ind1="1" ind2=" ">
    <subfield code="a">Wang, Jiefu,</subfield>
    <subfield code="d">1021-1086</subfield>
  </datafield>
  <datafield tag="400" ind1="1" ind2=" ">
    <subfield code="a">Wang, Chieh-fu,</subfield>
    <subfield code="d">1021-1086</subfield>
  </datafield>
  <datafield tag="400" ind1="1" ind2=" ">
    <subfield code="a">王介甫,</subfield>
    <subfield code="d">1021-1086</subfield>
  </datafield>
  <datafield tag="400" ind1="1" ind2=" ">
    <subfield code="a">Wang, Shuguo gong,</subfield>
    <subfield code="d">1021-1086</subfield>
  </datafield>
  <datafield tag="400" ind1="1" ind2=" ">
    <subfield code="a">Wang, Shu-kuo kung,</subfield>
    <subfield code="d">1021-1086</subfield>
  </datafield>
  <datafield tag="400" ind1="1" ind2=" ">
    <subfield code="a">王舒國公,</subfield>
    <subfield code="d">1021-1086</subfield>
  </datafield>
  <datafield tag="400" ind1="1" ind2=" ">
    <subfield code="a">Wang, Wen,</subfield>
    <subfield code="d">1021-1086</subfield>
  </datafield>
  <datafield tag="400" ind1="1" ind2=" ">
    <subfield code="a">王文,</subfield>
    <subfield code="d">1021-1086</subfield>
  </datafield>
  <datafield tag="400" ind1="1" ind2=" ">
    <subfield code="a">Wang, Wen gong,</subfield>
    <subfield code="d">1021-1086</subfield>
  </datafield>
  <datafield tag="400" ind1="1" ind2=" ">
    <subfield code="a">Wang, Wen kung,</subfield>
    <subfield code="d">1021-1086</subfield>
  </datafield>
  <datafield tag="400" ind1="1" ind2=" ">
    <subfield code="a">王文公,</subfield>
    <subfield code="d">1021-1086</subfield>
  </datafield>
  <datafield tag="400" ind1="1" ind2=" ">
    <subfield code="a">Wang, Jingguo gong,</subfield>
    <subfield code="d">1021-1086</subfield>
  </datafield>
  <datafield tag="400" ind1="1" ind2=" ">
    <subfield code="a">Wang, Ching-kuo kung,</subfield>
    <subfield code="d">1021-1086</subfield>
  </datafield>
  <datafield tag="400" ind1="1" ind2=" ">
    <subfield code="a">王荊國公,</subfield>
    <subfield code="d">1021-1086</subfield>
  </datafield>
  <datafield tag="400" ind1="1" ind2=" ">
    <subfield code="a">Wang, Jingwen gong,</subfield>
    <subfield code="d">1021-1086</subfield>
  </datafield>
  <datafield tag="400" ind1="1" ind2=" ">
    <subfield code="a">Wang, Ching Wen kung,</subfield>
    <subfield code="d">1021-1086</subfield>
  </datafield>
  <datafield tag="400" ind1="1" ind2=" ">
    <subfield code="a">王荊文公,</subfield>
    <subfield code="d">1021-1086</subfield>
  </datafield>
  <datafield tag="400" ind1="1" ind2=" ">
    <subfield code="a">Wang, Banshan,</subfield>
    <subfield code="d">1021-1086</subfield>
  </datafield>
  <datafield tag="400" ind1="1" ind2=" ">
    <subfield code="a">王半山,</subfield>
    <subfield code="d">1021-1086</subfield>
  </datafield>
  <datafield tag="400" ind1="0" ind2=" ">
    <subfield code="a">An-Shih Wang,</subfield>
    <subfield code="d">1021-1086</subfield>
  </datafield>
  <datafield tag="667" ind1=" " ind2=" ">
    <subfield code="a">Machine-derived non-Latin script reference project.</subfield>
  </datafield>
  <datafield tag="667" ind1=" " ind2=" ">
    <subfield code="a">Non-Latin script references not evaluated.</subfield>
  </datafield>
  <datafield tag="667" ind1=" " ind2=" ">
    <subfield code="a">Non-Latin script references reviewed in NACO CJK Funnel References Project.</subfield>
  </datafield>
  <datafield tag="670" ind1=" " ind2=" ">
    <subfield code="a">His Wang Ching kung shih chien chu, 1958.</subfield>
  </datafield>
  <datafield tag="670" ind1=" " ind2=" ">
    <subfield code="a">Im, H.S. Wang An-sŏk ŭi kwagŏ chedo kaehyŏk e taehan il kochʻal, 1982 (subj.)</subfield>
    <subfield code="b">t.p. (Wang An-sŏk)</subfield>
  </datafield>
  <datafield tag="670" ind1=" " ind2=" ">
    <subfield code="a">Cô, N.T. Tư mã Quang, Vương An Thạch, 1969?:</subfield>
    <subfield code="b">t.p. (Vương An Thạch)</subfield>
  </datafield>
  <datafield tag="670" ind1=" " ind2=" ">
    <subfield code="a">Wang An-shih hsi yüan lu, 1996:</subfield>
    <subfield code="b">p. 13 (t. 介甫 = Chieh-fu) p. 16 (raised to rank of duke 舒國公 = Shu-kuo kung, then chg. to 荊 = Ching; posth. 文 = Wen)</subfield>
  </datafield>
  <datafield tag="670" ind1=" " ind2=" ">
    <subfield code="a">Meng tuan ti hsiang lu, 1999:</subfield>
    <subfield code="b">t.p. (王安石 = Wang An-Shih) cover (Wanganshi [in rom.])</subfield>
  </datafield>
  <datafield tag="670" ind1=" " ind2=" ">
    <subfield code="a">Wang Jingwen gong shi, not before 1836:</subfield>
    <subfield code="b">cover (Title on title piece: 王半山 = Wang Banshan)</subfield>
  </datafield>
  <datafield tag="670" ind1=" " ind2=" ">
    <subfield code="a">The late poems of Wang An-Shih, 2015:</subfield>
    <subfield code="b">ECIP data view (devoted himself to government service until the age of 55, becoming one of the most powerful and controversial political figures in Chinese history, rising to become Prime Minister; retired to the life of a recluse poet and spent his last decade wandering among  the mountains and Ch&apos;an (Zen) Buddhist monasteries of southeast China, writing the poetry that made him  one of the greatest poets in a great poetic age: the Sung Dynasty)</subfield>
  </datafield>
  <datafield tag="670" ind1=" " ind2=" ">
    <subfield code="a">OCLC #34510799, January 3, 2020</subfield>
    <subfield code="b">(access point: 王安石, 1021-1086 = Wang, Anshi, 1021-1086 ; usage: 王安石 = Wang Anshi)</subfield>
  </datafield>
  <datafield tag="952" ind1=" " ind2=" ">
    <subfield code="a">RETRO</subfield>
  </datafield>
  <datafield tag="953" ind1=" " ind2=" ">
    <subfield code="a">xx00</subfield>
    <subfield code="b">ta27</subfield>
  </datafield>
</record>