
<record>
  <leader>01482cz  a2200361n  4500</leader>
  <controlfield tag="001">3309533</controlfield>
  <controlfield tag="003">DLC</controlfield>
  <controlfield tag="005">20200104073401.0</controlfield>
  <controlfield tag="008">801210nc azannaabn          |b aaa      </controlfield>
  <datafield tag="010" ind1=" " ind2=" ">
    <subfield code="a">n  80145640 </subfield>
  </datafield>
  <datafield tag="035" ind1=" " ind2=" ">
    <subfield code="a">(OCoLC)oca00525767</subfield>
  </datafield>
  <datafield tag="040" ind1=" " ind2=" ">
    <subfield code="a">DLC</subfield>
    <subfield code="b">eng</subfield>
    <subfield code="e">rda</subfield>
    <subfield code="c">DLC</subfield>
    <subfield code="d">DLC</subfield>
    <subfield code="d">NIC</subfield>
    <subfield code="d">OCoLC</subfield>
    <subfield code="d">OrU</subfield>
    <subfield code="d">OCoLC</subfield>
    <subfield code="d">DLC</subfield>
    <subfield code="d">MH</subfield>
  </datafield>
  <datafield tag="046" ind1=" " ind2=" ">
    <subfield code="f">1916</subfield>
    <subfield code="g">1985</subfield>
  </datafield>
  <datafield tag="053" ind1=" " ind2="0">
    <subfield code="a">PL2914.N57</subfield>
  </datafield>
  <datafield tag="100" ind1="1" ind2=" ">
    <subfield code="a">Tian, Jian,</subfield>
    <subfield code="d">1916-</subfield>
  </datafield>
  <datafield tag="400" ind1="1" ind2=" ">
    <subfield code="w">nne</subfield>
    <subfield code="a">Tʻien, Chien,</subfield>
    <subfield code="d">1916-</subfield>
  </datafield>
  <datafield tag="400" ind1="1" ind2=" ">
    <subfield code="a">Tong, Tianjian,</subfield>
    <subfield code="d">1916-</subfield>
  </datafield>
  <datafield tag="400" ind1="1" ind2=" ">
    <subfield code="a">Tʻung, Tʻien-chien,</subfield>
    <subfield code="d">1916-</subfield>
  </datafield>
  <datafield tag="400" ind1="1" ind2=" ">
    <subfield code="a">童天鑑,</subfield>
    <subfield code="d">1916-</subfield>
  </datafield>
  <datafield tag="400" ind1="1" ind2=" ">
    <subfield code="a">童天鉴,</subfield>
    <subfield code="d">1916-</subfield>
  </datafield>
  <datafield tag="400" ind1="1" ind2=" ">
    <subfield code="a">田間,</subfield>
    <subfield code="d">1916-</subfield>
  </datafield>
  <datafield tag="400" ind1="1" ind2=" ">
    <subfield code="a">田间,</subfield>
    <subfield code="d">1916-</subfield>
  </datafield>
  <datafield tag="667" ind1=" " ind2=" ">
    <subfield code="a">Machine-derived non-Latin script reference project.</subfield>
  </datafield>
  <datafield tag="667" ind1=" " ind2=" ">
    <subfield code="a">Non-Latin script references not evaluated.</subfield>
  </datafield>
  <datafield tag="667" ind1=" " ind2=" ">
    <subfield code="a">Non-Latin script references reviewed in NACO CJK Funnel References Project.</subfield>
  </datafield>
  <datafield tag="667" ind1=" " ind2=" ">
    <subfield code="a">Old catalog heading: Tʻung, Tʻien-chien</subfield>
  </datafield>
  <datafield tag="670" ind1=" " ind2=" ">
    <subfield code="a">Author&apos;s Ou yu cha chi, 1956.</subfield>
  </datafield>
  <datafield tag="670" ind1=" " ind2=" ">
    <subfield code="a">His Tʻien Chien, 1988:</subfield>
    <subfield code="b">p. 245 (d. 8/30/85)</subfield>
  </datafield>
  <datafield tag="670" ind1=" " ind2=" ">
    <subfield code="a">Information from 678 converted Dec. 17, 2014</subfield>
    <subfield code="b">(b. 1916)</subfield>
  </datafield>
  <datafield tag="670" ind1=" " ind2=" ">
    <subfield code="a">Bai du bai ke website, December 19, 2019:</subfield>
    <subfield code="b">(田间 = Tian Jian, 1916-1985; native of Anhui Wuwei Shi; original name 童天鉴 (Tong Tianjian); poet)</subfield>
    <subfield code="u">https://baike.baidu.com/item/%E7%94%B0%E9%97%B4/5141278</subfield>
  </datafield>
  <datafield tag="670" ind1=" " ind2=" ">
    <subfield code="a">OCLC #19783239, December 19, 2019</subfield>
    <subfield code="b">(access point: 田間, 1916- = Tian, Jian, 1916-; usage: 田間 = Tian Jian)</subfield>
  </datafield>
  <datafield tag="952" ind1=" " ind2=" ">
    <subfield code="a">RETRO</subfield>
  </datafield>
  <datafield tag="953" ind1=" " ind2=" ">
    <subfield code="a">xx00</subfield>
    <subfield code="b">bl04</subfield>
  </datafield>
</record>