
<record>
  <leader>02447cz  a2200517n  4500</leader>
  <controlfield tag="001">3313250</controlfield>
  <controlfield tag="003">DLC</controlfield>
  <controlfield tag="005">20200104073402.0</controlfield>
  <controlfield tag="008">810311nc azannaabn          |b aaa      </controlfield>
  <datafield tag="010" ind1=" " ind2=" ">
    <subfield code="a">n  81017830 </subfield>
  </datafield>
  <datafield tag="035" ind1=" " ind2=" ">
    <subfield code="a">(OCoLC)oca00563673</subfield>
  </datafield>
  <datafield tag="040" ind1=" " ind2=" ">
    <subfield code="a">DLC</subfield>
    <subfield code="b">eng</subfield>
    <subfield code="e">rda</subfield>
    <subfield code="c">DLC</subfield>
    <subfield code="d">DLC</subfield>
    <subfield code="d">OCoLC</subfield>
    <subfield code="d">NcU</subfield>
    <subfield code="d">OCoLC</subfield>
    <subfield code="d">DLC</subfield>
    <subfield code="d">UPB</subfield>
    <subfield code="d">DLC</subfield>
    <subfield code="d">MH</subfield>
  </datafield>
  <datafield tag="046" ind1=" " ind2=" ">
    <subfield code="f">1899</subfield>
    <subfield code="g">19880627</subfield>
  </datafield>
  <datafield tag="100" ind1="1" ind2=" ">
    <subfield code="a">Tao, Xisheng,</subfield>
    <subfield code="d">1899-1988</subfield>
  </datafield>
  <datafield tag="370" ind1=" " ind2=" ">
    <subfield code="a">Huanggang Xian, China</subfield>
  </datafield>
  <datafield tag="374" ind1=" " ind2=" ">
    <subfield code="a">newspaper editor</subfield>
    <subfield code="a">legislator</subfield>
  </datafield>
  <datafield tag="375" ind1=" " ind2=" ">
    <subfield code="a">male</subfield>
  </datafield>
  <datafield tag="377" ind1=" " ind2=" ">
    <subfield code="a">chi</subfield>
  </datafield>
  <datafield tag="400" ind1="1" ind2=" ">
    <subfield code="a">Fang, Junfeng,</subfield>
    <subfield code="d">1899-1988</subfield>
  </datafield>
  <datafield tag="400" ind1="1" ind2=" ">
    <subfield code="a">Fang, Yue,</subfield>
    <subfield code="d">1899-1988</subfield>
  </datafield>
  <datafield tag="400" ind1="1" ind2=" ">
    <subfield code="a">Peiwo,</subfield>
    <subfield code="d">1899-1988</subfield>
  </datafield>
  <datafield tag="400" ind1="1" ind2=" ">
    <subfield code="w">nne</subfield>
    <subfield code="a">Tʻao, Hsi-sheng,</subfield>
    <subfield code="d">1899-1988</subfield>
  </datafield>
  <datafield tag="400" ind1="1" ind2=" ">
    <subfield code="a">Tʻao, Hui-tseng,</subfield>
    <subfield code="d">1899-1988</subfield>
  </datafield>
  <datafield tag="400" ind1="1" ind2=" ">
    <subfield code="a">Tao, Huizeng,</subfield>
    <subfield code="d">1899-1988</subfield>
  </datafield>
  <datafield tag="400" ind1="1" ind2=" ">
    <subfield code="a">Tao, Wei Tseng,</subfield>
    <subfield code="d">1899-1988</subfield>
  </datafield>
  <datafield tag="400" ind1="1" ind2=" ">
    <subfield code="a">Tō, Kisei,</subfield>
    <subfield code="d">1899-1988</subfield>
  </datafield>
  <datafield tag="400" ind1="1" ind2=" ">
    <subfield code="a">Zhuang, Zhizhen,</subfield>
    <subfield code="d">1899-1988</subfield>
  </datafield>
  <datafield tag="400" ind1="1" ind2=" ">
    <subfield code="a">佩我,</subfield>
    <subfield code="d">1899-1988</subfield>
  </datafield>
  <datafield tag="400" ind1="1" ind2=" ">
    <subfield code="a">庄之真,</subfield>
    <subfield code="d">1899-1988</subfield>
  </datafield>
  <datafield tag="400" ind1="1" ind2=" ">
    <subfield code="a">方岳,</subfield>
    <subfield code="d">1899-1988</subfield>
  </datafield>
  <datafield tag="400" ind1="1" ind2=" ">
    <subfield code="a">方峻峰,</subfield>
    <subfield code="d">1899-1988</subfield>
  </datafield>
  <datafield tag="400" ind1="1" ind2=" ">
    <subfield code="a">陶希圣,</subfield>
    <subfield code="d">1899-1988</subfield>
  </datafield>
  <datafield tag="400" ind1="1" ind2=" ">
    <subfield code="a">陶希聖,</subfield>
    <subfield code="d">1899-1988</subfield>
  </datafield>
  <datafield tag="400" ind1="1" ind2=" ">
    <subfield code="a">陶彙曾,</subfield>
    <subfield code="d">1899-1988</subfield>
  </datafield>
  <datafield tag="667" ind1=" " ind2=" ">
    <subfield code="a">Machine-derived non-Latin script reference project.</subfield>
  </datafield>
  <datafield tag="667" ind1=" " ind2=" ">
    <subfield code="a">Non-Latin script references not evaluated.</subfield>
  </datafield>
  <datafield tag="667" ind1=" " ind2=" ">
    <subfield code="a">Non-Latin script references reviewed in NACO CJK Funnel References Project.</subfield>
  </datafield>
  <datafield tag="670" ind1=" " ind2=" ">
    <subfield code="a">Chʻen, P. Critique of &quot;China&apos;s destiny&quot; ... 1944.</subfield>
  </datafield>
  <datafield tag="670" ind1=" " ind2=" ">
    <subfield code="a">His Seikan keizaishi, 1940:</subfield>
    <subfield code="b">t.p. (Tʻao Hsi-sheng [Chinese reading]; Tō Kisei)</subfield>
  </datafield>
  <datafield tag="670" ind1=" " ind2=" ">
    <subfield code="a">Min fa qin shu lun, 1947:</subfield>
    <subfield code="b">t.p. (Tao Huizheng)</subfield>
  </datafield>
  <datafield tag="670" ind1=" " ind2=" ">
    <subfield code="a">OCLC Chinese name authority file, viewed Aug. 19, 2010</subfield>
    <subfield code="b">(中國近現代人物名號大辭典 = Zhongguo jin xian dai ren wu ming hao da ci dian, 1993, p. 79: 陶希聖, 1899 or 1898-1988 = Tao Xisheng, 1899 or 1898-1988;  native of Huanggang, Hubei Province, original name 陶彙曾 = Tao Huizeng; penname 方岳 = Fang Yue, 方峻峰 = Fang Junfeng, 佩我 = Peiwo; other name 庄之真 = Zhuang Zhizhen)</subfield>
  </datafield>
  <datafield tag="670" ind1=" " ind2=" ">
    <subfield code="a">Tang dai jing ji shi, 1968:</subfield>
    <subfield code="b">t.p. (陶希聖 = Tao Xisheng)</subfield>
  </datafield>
  <datafield tag="670" ind1=" " ind2=" ">
    <subfield code="a">11/01/2010 World Biographical Information System http://db.saur.de/WBIS/basicSearch.jsf (1899-1988) ; http://zh.wikipedia.org/zh/%E9%99%B6%E5%B8%8C%E5%9C%A3 (1899-6/271988).</subfield>
  </datafield>
  <datafield tag="670" ind1=" " ind2=" ">
    <subfield code="a">LC database, November 25, 2019</subfield>
    <subfield code="b">(access point: 陶希聖, 1899-1988 = Tao, Xisheng, 1899-1988; usage: 陶希聖 = Tao Xisheng)</subfield>
  </datafield>
  <datafield tag="952" ind1=" " ind2=" ">
    <subfield code="a">RETRO</subfield>
  </datafield>
  <datafield tag="953" ind1=" " ind2=" ">
    <subfield code="a">xx00</subfield>
    <subfield code="b">xg07</subfield>
  </datafield>
</record>