
<record>
  <leader>02035cz  a2200373n  4500</leader>
  <controlfield tag="001">3313763</controlfield>
  <controlfield tag="003">DLC</controlfield>
  <controlfield tag="005">20200104073404.0</controlfield>
  <controlfield tag="008">810508n| azannaabn          |b aaa      </controlfield>
  <datafield tag="010" ind1=" " ind2=" ">
    <subfield code="a">n  81023060 </subfield>
  </datafield>
  <datafield tag="035" ind1=" " ind2=" ">
    <subfield code="a">(OCoLC)oca00568854</subfield>
  </datafield>
  <datafield tag="040" ind1=" " ind2=" ">
    <subfield code="a">DLC</subfield>
    <subfield code="b">eng</subfield>
    <subfield code="e">rda</subfield>
    <subfield code="c">DLC</subfield>
    <subfield code="d">DLC</subfield>
    <subfield code="d">PPi-MA</subfield>
    <subfield code="d">DLC</subfield>
    <subfield code="d">CSt</subfield>
    <subfield code="d">IEN</subfield>
    <subfield code="d">DLC</subfield>
    <subfield code="d">HU</subfield>
    <subfield code="d">WU</subfield>
  </datafield>
  <datafield tag="046" ind1=" " ind2=" ">
    <subfield code="f">1912-01-23</subfield>
    <subfield code="g">2009-06-05</subfield>
    <subfield code="2">edtf</subfield>
  </datafield>
  <datafield tag="100" ind1="1" ind2=" ">
    <subfield code="a">Pokrovskiĭ, B.</subfield>
    <subfield code="q">(Boris),</subfield>
    <subfield code="d">1912-2009</subfield>
  </datafield>
  <datafield tag="370" ind1=" " ind2=" ">
    <subfield code="a">Moscow (Russia)</subfield>
    <subfield code="b">Moscow (Russia)</subfield>
    <subfield code="2">naf</subfield>
  </datafield>
  <datafield tag="372" ind1=" " ind2=" ">
    <subfield code="a">Opera</subfield>
    <subfield code="2">lcsh</subfield>
  </datafield>
  <datafield tag="374" ind1=" " ind2=" ">
    <subfield code="a">Opera producers and directors</subfield>
    <subfield code="2">lcsh</subfield>
  </datafield>
  <datafield tag="375" ind1=" " ind2=" ">
    <subfield code="a">Males</subfield>
    <subfield code="2">lcdgt</subfield>
  </datafield>
  <datafield tag="377" ind1=" " ind2=" ">
    <subfield code="a">rus</subfield>
  </datafield>
  <datafield tag="378" ind1=" " ind2=" ">
    <subfield code="q">Boris Aleksandrovich</subfield>
  </datafield>
  <datafield tag="400" ind1="1" ind2=" ">
    <subfield code="a">Покровский, Б.</subfield>
    <subfield code="q">(Борис),</subfield>
    <subfield code="d">1912-2009</subfield>
  </datafield>
  <datafield tag="400" ind1="1" ind2=" ">
    <subfield code="a">Pokrovskiĭ, B. A.</subfield>
    <subfield code="q">(Boris Aleksandrovich),</subfield>
    <subfield code="d">1912-2009</subfield>
  </datafield>
  <datafield tag="400" ind1="1" ind2=" ">
    <subfield code="a">Pokrovskiĭ, B.</subfield>
    <subfield code="q">(Boris Aleksandrovich),</subfield>
    <subfield code="d">1912-2009</subfield>
  </datafield>
  <datafield tag="400" ind1="1" ind2=" ">
    <subfield code="a">Pokrovskiĭ, Boris Aleksandrovich,</subfield>
    <subfield code="d">1912-2009</subfield>
  </datafield>
  <datafield tag="400" ind1="1" ind2=" ">
    <subfield code="a">Pokrovskiy, Boris,</subfield>
    <subfield code="d">1912-2009</subfield>
  </datafield>
  <datafield tag="400" ind1="1" ind2=" ">
    <subfield code="a">Pokrovsky, Boris Alexandrovich,</subfield>
    <subfield code="d">1912-2009</subfield>
  </datafield>
  <datafield tag="667" ind1=" " ind2=" ">
    <subfield code="a">Non-Latin script reference not evaluated.</subfield>
  </datafield>
  <datafield tag="670" ind1=" " ind2=" ">
    <subfield code="a">Chudnovskiĭ, M. A. Rezhisser stavit operu, 1967.</subfield>
  </datafield>
  <datafield tag="670" ind1=" " ind2=" ">
    <subfield code="a">Li︠u︡di WWW site, June 2, 2006</subfield>
    <subfield code="b">(Boris Aleksandrovich Pokrovskiĭ; Boris Pokrovskiy [in rom.]; b. Jan. 23, 1912, Moscow)</subfield>
  </datafield>
  <datafield tag="670" ind1=" " ind2=" ">
    <subfield code="a">New York times WWW site, June 8, 2009</subfield>
    <subfield code="b">(in obituary published June 6: Boris Pokrovsky; b. Boris Aleksandrovich Pokrovsky, 1912; d. there Friday [June 5, 2009], aged 97; internationally renowned Russian theater director who for decades during the Soviet era staged nearly every production the Bolshoi Opera presented)</subfield>
  </datafield>
  <datafield tag="670" ind1=" " ind2=" ">
    <subfield code="a">LC database, June 8, 2009</subfield>
    <subfield code="b">(hdg.: Pokrovskiĭ, Boris Aleksandrovich; usage: B. Pokrovskiĭ, Boris Alexandrovich Pokrovsky, Boris Pokrovskiĭ, B.A. Pokrovskiĭ)</subfield>
  </datafield>
  <datafield tag="670" ind1=" " ind2=" ">
    <subfield code="a">Vvedenie v opernui︠u︡ rezhissuru, 2009:</subfield>
    <subfield code="b">t.p. (Б.А. Покровский = B.A. Pokrovskiĭ) colophon (Борис Александрович Покровский = Boris Aleksandrovich Pokrovskiĭ)</subfield>
  </datafield>
  <datafield tag="952" ind1=" " ind2=" ">
    <subfield code="a">RETRO</subfield>
  </datafield>
  <datafield tag="953" ind1=" " ind2=" ">
    <subfield code="a">xx00</subfield>
    <subfield code="b">tc04</subfield>
  </datafield>
</record>