
<record>
  <leader>01630cz  a2200289n  4500</leader>
  <controlfield tag="001">3314656</controlfield>
  <controlfield tag="003">DLC</controlfield>
  <controlfield tag="005">20200104073405.0</controlfield>
  <controlfield tag="008">811019n| azannaabn          |a aaa      </controlfield>
  <datafield tag="010" ind1=" " ind2=" ">
    <subfield code="a">n  81032180 </subfield>
  </datafield>
  <datafield tag="035" ind1=" " ind2=" ">
    <subfield code="a">(OCoLC)oca00577872</subfield>
  </datafield>
  <datafield tag="040" ind1=" " ind2=" ">
    <subfield code="a">DLC</subfield>
    <subfield code="b">eng</subfield>
    <subfield code="e">rda</subfield>
    <subfield code="c">DLC</subfield>
    <subfield code="d">DLC</subfield>
    <subfield code="d">OU</subfield>
  </datafield>
  <datafield tag="046" ind1=" " ind2=" ">
    <subfield code="f">1900</subfield>
    <subfield code="g">1981-12-28</subfield>
    <subfield code="2">edtf</subfield>
  </datafield>
  <datafield tag="100" ind1="1" ind2=" ">
    <subfield code="a">Schmitz, Victor A.</subfield>
    <subfield code="q">(Victor August),</subfield>
    <subfield code="d">1900-1981</subfield>
  </datafield>
  <datafield tag="370" ind1=" " ind2=" ">
    <subfield code="c">Germany</subfield>
    <subfield code="2">naf</subfield>
  </datafield>
  <datafield tag="374" ind1=" " ind2=" ">
    <subfield code="a">Philosophers</subfield>
    <subfield code="a">Germanists</subfield>
    <subfield code="a">Translators</subfield>
    <subfield code="a">Literary historians</subfield>
    <subfield code="2">lcsh</subfield>
  </datafield>
  <datafield tag="375" ind1=" " ind2=" ">
    <subfield code="a">Males</subfield>
    <subfield code="2">lcdgt</subfield>
  </datafield>
  <datafield tag="378" ind1=" " ind2=" ">
    <subfield code="q">Victor August</subfield>
  </datafield>
  <datafield tag="400" ind1="1" ind2=" ">
    <subfield code="w">nnea</subfield>
    <subfield code="a">Schmitz, Victor August,</subfield>
    <subfield code="d">1900-</subfield>
  </datafield>
  <datafield tag="400" ind1="1" ind2=" ">
    <subfield code="a">Schmitz, Victor August,</subfield>
    <subfield code="d">1900-1981</subfield>
  </datafield>
  <datafield tag="670" ind1=" " ind2=" ">
    <subfield code="a">His H. C. Andersens Märchendichtung ... 1925.</subfield>
  </datafield>
  <datafield tag="670" ind1=" " ind2=" ">
    <subfield code="a">His Den alten Göttern zu, 1982:</subfield>
    <subfield code="b">t.p. (Victor A. Schmitz) p. 3 (d. 12/28/81)</subfield>
  </datafield>
  <datafield tag="670" ind1=" " ind2=" ">
    <subfield code="a">OCLC, viewed January 3, 2020</subfield>
    <subfield code="b">(usage: Victor A. Schmitz)</subfield>
  </datafield>
  <datafield tag="670" ind1=" " ind2=" ">
    <subfield code="a">German National Library via VIAF, Jan. 3, 2020</subfield>
    <subfield code="b">(identifier: http://d-nb.info/gnd/116816279; GAC: XA-DE; preferred: Schmitz, Victor August 1900-1981; gender: 1; variant: Schmitz, V. A.; Schmitz, Victor; Schmitz, Victor A.; Schmitz, Viktor; Schmitz, Viktor August)</subfield>
    <subfield code="u">http://www.viaf.org/processed/DNB%7C116816279</subfield>
  </datafield>
  <datafield tag="670" ind1=" " ind2=" ">
    <subfield code="a">National Library of Latvia via VIAF, Jan. 3, 2020</subfield>
    <subfield code="b">(identifier: 0000000102731964; born: 1900; died: 1981; preferred: Schmitz, Victor August, 1900-1981; field of activity: Literatūra -- Pētniecība; occupation: Germānists, Filozofs, Tulkotājs; gender: vīrietis; lang. code: ger; related: Martini, Fritz, 1909-1991)</subfield>
    <subfield code="u">http://www.viaf.org/processed/LNB%7CLNC10-000230611</subfield>
  </datafield>
  <datafield tag="952" ind1=" " ind2=" ">
    <subfield code="a">RETRO</subfield>
  </datafield>
  <datafield tag="953" ind1=" " ind2=" ">
    <subfield code="a">xx00</subfield>
    <subfield code="b">ec03</subfield>
  </datafield>
</record>