
<record>
  <leader>02080cz  a2200493n  4500</leader>
  <controlfield tag="001">3319602</controlfield>
  <controlfield tag="003">DLC</controlfield>
  <controlfield tag="005">20200104073410.0</controlfield>
  <controlfield tag="008">811109nc azannaabn          |b aaa      </controlfield>
  <datafield tag="010" ind1=" " ind2=" ">
    <subfield code="a">n  81082790 </subfield>
  </datafield>
  <datafield tag="035" ind1=" " ind2=" ">
    <subfield code="a">(OCoLC)oca00628035</subfield>
  </datafield>
  <datafield tag="040" ind1=" " ind2=" ">
    <subfield code="a">DLC</subfield>
    <subfield code="b">eng</subfield>
    <subfield code="e">rda</subfield>
    <subfield code="c">DLC</subfield>
    <subfield code="d">DLC-R</subfield>
    <subfield code="d">OCoLC</subfield>
    <subfield code="d">DLC</subfield>
    <subfield code="d">OCoLC</subfield>
    <subfield code="d">UPB</subfield>
    <subfield code="d">HkUST</subfield>
    <subfield code="d">DLC</subfield>
    <subfield code="d">MH</subfield>
  </datafield>
  <datafield tag="046" ind1=" " ind2=" ">
    <subfield code="f">19080526</subfield>
    <subfield code="g">19680108</subfield>
  </datafield>
  <datafield tag="100" ind1="1" ind2=" ">
    <subfield code="a">Tong, Shuye</subfield>
  </datafield>
  <datafield tag="370" ind1=" " ind2=" ">
    <subfield code="a">Zhejiang Sheng, China</subfield>
  </datafield>
  <datafield tag="374" ind1=" " ind2=" ">
    <subfield code="a">professor</subfield>
    <subfield code="a">historian</subfield>
    <subfield code="a">author</subfield>
  </datafield>
  <datafield tag="375" ind1=" " ind2=" ">
    <subfield code="a">male</subfield>
  </datafield>
  <datafield tag="377" ind1=" " ind2=" ">
    <subfield code="a">chi</subfield>
  </datafield>
  <datafield tag="400" ind1="1" ind2=" ">
    <subfield code="a">Shuye, Tong</subfield>
  </datafield>
  <datafield tag="400" ind1="1" ind2=" ">
    <subfield code="a">Tong, Pisheng</subfield>
  </datafield>
  <datafield tag="400" ind1="1" ind2=" ">
    <subfield code="a">Tong, Shu Ye</subfield>
  </datafield>
  <datafield tag="400" ind1="1" ind2=" ">
    <subfield code="a">Tong, Shuye,</subfield>
    <subfield code="d">1908-1968</subfield>
  </datafield>
  <datafield tag="400" ind1="1" ind2=" ">
    <subfield code="a">Tong, Yongan</subfield>
  </datafield>
  <datafield tag="400" ind1="0" ind2=" ">
    <subfield code="a">Tongshuye</subfield>
  </datafield>
  <datafield tag="400" ind1="1" ind2=" ">
    <subfield code="a">Tʻung, Pʻi-sheng</subfield>
  </datafield>
  <datafield tag="400" ind1="1" ind2=" ">
    <subfield code="w">nne</subfield>
    <subfield code="a">Tʻung, Shu-yeh</subfield>
  </datafield>
  <datafield tag="400" ind1="0" ind2=" ">
    <subfield code="a">Yongan</subfield>
  </datafield>
  <datafield tag="400" ind1="0" ind2=" ">
    <subfield code="a">庸安</subfield>
  </datafield>
  <datafield tag="400" ind1="1" ind2=" ">
    <subfield code="a">童丕绳</subfield>
  </datafield>
  <datafield tag="400" ind1="1" ind2=" ">
    <subfield code="a">童书业</subfield>
  </datafield>
  <datafield tag="400" ind1="1" ind2=" ">
    <subfield code="a">童庸安</subfield>
  </datafield>
  <datafield tag="400" ind1="1" ind2=" ">
    <subfield code="a">童書業</subfield>
  </datafield>
  <datafield tag="667" ind1=" " ind2=" ">
    <subfield code="a">Machine-derived non-Latin script reference project.</subfield>
  </datafield>
  <datafield tag="667" ind1=" " ind2=" ">
    <subfield code="a">Non-Latin script references not evaluated.</subfield>
  </datafield>
  <datafield tag="667" ind1=" " ind2=" ">
    <subfield code="a">Non-Latin script references reviewed in NACO CJK Funnel References Project.</subfield>
  </datafield>
  <datafield tag="670" ind1=" " ind2=" ">
    <subfield code="a">His Tʻang Sung hui hua tʻan tsʻung, 1958.</subfield>
  </datafield>
  <datafield tag="670" ind1=" " ind2=" ">
    <subfield code="a">His Chʻun chʻiu Tso chuan yen chiu, 1980:</subfield>
    <subfield code="b">t.p. (童书业 = Tʻung Shu-yeh) pref. (童丕绳 = Tʻung Pʻi-sheng; b. 5/26/08, d. 1/8/68)</subfield>
  </datafield>
  <datafield tag="670" ind1=" " ind2=" ">
    <subfield code="a">His Tʻung Shu-yeh mei shu lun chi, 1989:</subfield>
    <subfield code="b">t.p. (童书业 = Tʻung Shu-yeh; Tong Shuye [in rom.]) cover (Tong shu ye [in rom.]) spine (Tongshuye [in rom.])</subfield>
  </datafield>
  <datafield tag="670" ind1=" " ind2=" ">
    <subfield code="a">Tong Shuye shi ji kao zheng lun ji, 2005:</subfield>
    <subfield code="b">t.p. (童書業 = Tong Shuye) p. 1, pref. (h. 庸安 = Yong&apos;an)</subfield>
  </datafield>
  <datafield tag="670" ind1=" " ind2=" ">
    <subfield code="a">World Biographical Information System, Mar. 03, 2011:</subfield>
    <subfield code="b">(Tong Shuye, b. 1908, d. 1968; male; professor; author)</subfield>
  </datafield>
  <datafield tag="670" ind1=" " ind2=" ">
    <subfield code="a">wikipedia via www, Mar. 03, 2011:</subfield>
    <subfield code="b">(童书业 = Tong Shuye, 1908-1968; native of Zhejiang Pi Xian, zi 丕绳 = Pisheng; hao 庸安 = Yong&apos;an; historian)</subfield>
  </datafield>
  <datafield tag="670" ind1=" " ind2=" ">
    <subfield code="a">OCLC #18975839, December 23, 2019</subfield>
    <subfield code="b">(access point: 童書業 = Tong, Shuye; usage: 童書業 = Tong Shuye)</subfield>
  </datafield>
  <datafield tag="952" ind1=" " ind2=" ">
    <subfield code="a">RETRO</subfield>
  </datafield>
  <datafield tag="953" ind1=" " ind2=" ">
    <subfield code="a">xx00</subfield>
    <subfield code="b">yc10</subfield>
  </datafield>
</record>