
<record>
  <leader>01767cz  a2200397n  4500</leader>
  <controlfield tag="001">3321053</controlfield>
  <controlfield tag="003">DLC</controlfield>
  <controlfield tag="005">20200104073410.0</controlfield>
  <controlfield tag="008">811027nc azannaabn          |b aaa      </controlfield>
  <datafield tag="010" ind1=" " ind2=" ">
    <subfield code="a">n  81097560 </subfield>
  </datafield>
  <datafield tag="035" ind1=" " ind2=" ">
    <subfield code="a">(OCoLC)oca00642714</subfield>
  </datafield>
  <datafield tag="040" ind1=" " ind2=" ">
    <subfield code="a">DLC</subfield>
    <subfield code="b">eng</subfield>
    <subfield code="e">rda</subfield>
    <subfield code="c">DLC</subfield>
    <subfield code="d">NjP</subfield>
    <subfield code="d">OCoLC</subfield>
    <subfield code="d">IEN</subfield>
    <subfield code="d">HkUST</subfield>
    <subfield code="d">DLC</subfield>
    <subfield code="d">HkJHD</subfield>
  </datafield>
  <datafield tag="046" ind1=" " ind2=" ">
    <subfield code="s">-02</subfield>
  </datafield>
  <datafield tag="100" ind1="1" ind2=" ">
    <subfield code="a">Gongsun, Long,</subfield>
    <subfield code="d">active 3rd century B.C.</subfield>
  </datafield>
  <datafield tag="400" ind1="1" ind2=" ">
    <subfield code="a">Gong Sun, Long,</subfield>
    <subfield code="d">active 3rd century B.C.</subfield>
  </datafield>
  <datafield tag="400" ind1="1" ind2=" ">
    <subfield code="w">nnea</subfield>
    <subfield code="a">Gongsun, Long,</subfield>
    <subfield code="d">3rd cent. B.C.</subfield>
  </datafield>
  <datafield tag="400" ind1="0" ind2=" ">
    <subfield code="a">Gongsunlong,</subfield>
    <subfield code="d">active 3rd century B.C.</subfield>
  </datafield>
  <datafield tag="400" ind1="1" ind2=" ">
    <subfield code="a">Kong-Souen, Long,</subfield>
    <subfield code="d">active 3rd century B.C.</subfield>
  </datafield>
  <datafield tag="400" ind1="1" ind2=" ">
    <subfield code="a">Kōson, Ryō,</subfield>
    <subfield code="d">active 3rd century B.C.</subfield>
  </datafield>
  <datafield tag="400" ind1="1" ind2=" ">
    <subfield code="a">Kōson, Ryū,</subfield>
    <subfield code="d">active 3rd century B.C.</subfield>
  </datafield>
  <datafield tag="400" ind1="1" ind2=" ">
    <subfield code="w">nnaa</subfield>
    <subfield code="a">Kung-sun, Lung,</subfield>
    <subfield code="d">3d cent. B.C.</subfield>
  </datafield>
  <datafield tag="400" ind1="1" ind2=" ">
    <subfield code="w">nnea</subfield>
    <subfield code="a">Kung-sun, Lung,</subfield>
    <subfield code="d">3rd cent. B.C.</subfield>
  </datafield>
  <datafield tag="400" ind1="1" ind2=" ">
    <subfield code="a">Long, Kong-Souen,</subfield>
    <subfield code="d">active 3rd century B.C.</subfield>
  </datafield>
  <datafield tag="400" ind1="1" ind2=" ">
    <subfield code="a">公孫龍,</subfield>
    <subfield code="d">active 3rd century B.C.</subfield>
  </datafield>
  <datafield tag="400" ind1="1" ind2=" ">
    <subfield code="a">公孙龙,</subfield>
    <subfield code="d">active 3rd century B.C.</subfield>
  </datafield>
  <datafield tag="667" ind1=" " ind2=" ">
    <subfield code="a">Machine-derived non-Latin script reference project.</subfield>
  </datafield>
  <datafield tag="667" ind1=" " ind2=" ">
    <subfield code="a">Non-Latin script references not evaluated.</subfield>
  </datafield>
  <datafield tag="667" ind1=" " ind2=" ">
    <subfield code="a">Non-Latin script references reviewed in NACO CJK Funnel References Project.</subfield>
  </datafield>
  <datafield tag="670" ind1=" " ind2=" ">
    <subfield code="a">Author&apos;s Works, with a translation ... 1952.</subfield>
  </datafield>
  <datafield tag="670" ind1=" " ind2=" ">
    <subfield code="a">Kaji, N. Chūgoku ronrigakushi kenkyū, 1983:</subfield>
    <subfield code="b">p. 117 (Kōson Ryō)</subfield>
  </datafield>
  <datafield tag="670" ind1=" " ind2=" ">
    <subfield code="a">Shina gakugei d.j.</subfield>
    <subfield code="b">(Kōson Ryō)</subfield>
  </datafield>
  <datafield tag="670" ind1=" " ind2=" ">
    <subfield code="a">Dai jinmei j.</subfield>
    <subfield code="b">(Kōson Ryū)</subfield>
  </datafield>
  <datafield tag="670" ind1=" " ind2=" ">
    <subfield code="a">Hui Shih, Kung-sun Lung pʻing chuan, 1992:</subfield>
    <subfield code="b">jkt. (Gongsunlong [in rom.]) Eng. introd., etc. (Gong Sun Long [in rom.]; 320-250 B.C.)</subfield>
  </datafield>
  <datafield tag="670" ind1=" " ind2=" ">
    <subfield code="a">OCLC #29758615, 3 January 2020</subfield>
    <subfield code="b">(access point: 公孫龍, active 3rd century B.C. = Gongsun, Long, active 3rd century B.C.)</subfield>
  </datafield>
  <datafield tag="952" ind1=" " ind2=" ">
    <subfield code="a">RETRO</subfield>
  </datafield>
  <datafield tag="953" ind1=" " ind2=" ">
    <subfield code="a">xx00</subfield>
    <subfield code="b">eg03</subfield>
  </datafield>
</record>