
<record>
  <leader>01784cz  a2200385n  4500</leader>
  <controlfield tag="001">3339054</controlfield>
  <controlfield tag="003">DLC</controlfield>
  <controlfield tag="005">20200104073418.0</controlfield>
  <controlfield tag="008">821127n| azannaabn          |b aaa      </controlfield>
  <datafield tag="010" ind1=" " ind2=" ">
    <subfield code="a">n  82128890 </subfield>
  </datafield>
  <datafield tag="035" ind1=" " ind2=" ">
    <subfield code="a">(OCoLC)oca00825183</subfield>
  </datafield>
  <datafield tag="040" ind1=" " ind2=" ">
    <subfield code="a">DLC</subfield>
    <subfield code="b">eng</subfield>
    <subfield code="e">rda</subfield>
    <subfield code="c">DLC</subfield>
    <subfield code="d">DLC-R</subfield>
    <subfield code="d">HkUST</subfield>
    <subfield code="d">OCoLC</subfield>
    <subfield code="d">DLC</subfield>
    <subfield code="d">MH</subfield>
  </datafield>
  <datafield tag="046" ind1=" " ind2=" ">
    <subfield code="f">1895-12-07</subfield>
    <subfield code="g">1965-10-09</subfield>
    <subfield code="2">edtf</subfield>
  </datafield>
  <datafield tag="100" ind1="1" ind2=" ">
    <subfield code="a">Tsiang, Tingfu F.</subfield>
    <subfield code="q">(Tingfu Fuller),</subfield>
    <subfield code="d">1895-1965</subfield>
  </datafield>
  <datafield tag="400" ind1="1" ind2=" ">
    <subfield code="w">nna</subfield>
    <subfield code="a">Tsiang, Tingfu Fuller,</subfield>
    <subfield code="d">1895-1965</subfield>
  </datafield>
  <datafield tag="400" ind1="1" ind2=" ">
    <subfield code="a">Chiang, Tʻing-fu,</subfield>
    <subfield code="d">1895-1965</subfield>
  </datafield>
  <datafield tag="400" ind1="1" ind2=" ">
    <subfield code="a">Tsiang, Fuller,</subfield>
    <subfield code="d">1895-1965</subfield>
  </datafield>
  <datafield tag="400" ind1="1" ind2=" ">
    <subfield code="a">Chiang, Tʻing-pʻu,</subfield>
    <subfield code="d">1895-1965</subfield>
  </datafield>
  <datafield tag="400" ind1="1" ind2=" ">
    <subfield code="a">Jiang, Tingfu,</subfield>
    <subfield code="d">1895-1965</subfield>
  </datafield>
  <datafield tag="400" ind1="1" ind2=" ">
    <subfield code="a">蒋廷黻,</subfield>
    <subfield code="d">1895-1965</subfield>
  </datafield>
  <datafield tag="400" ind1="1" ind2=" ">
    <subfield code="a">蔣廷黻 F.,</subfield>
    <subfield code="d">1895-1965</subfield>
  </datafield>
  <datafield tag="400" ind1="1" ind2=" ">
    <subfield code="a">蔣廷黻,</subfield>
    <subfield code="d">1895-1965</subfield>
  </datafield>
  <datafield tag="667" ind1=" " ind2=" ">
    <subfield code="a">Machine-derived non-Latin script reference project.</subfield>
  </datafield>
  <datafield tag="667" ind1=" " ind2=" ">
    <subfield code="a">Non-Latin script references not evaluated.</subfield>
  </datafield>
  <datafield tag="667" ind1=" " ind2=" ">
    <subfield code="a">Non-Latin script references reviewed in NACO CJK Funnel References Project.</subfield>
  </datafield>
  <datafield tag="670" ind1=" " ind2=" ">
    <subfield code="a">Author&apos;s Labor and empire ... 1923.</subfield>
  </datafield>
  <datafield tag="670" ind1=" " ind2=" ">
    <subfield code="a">Obituaries on file, c1979</subfield>
    <subfield code="b">(Tsiang, Tingfu Fuller)</subfield>
  </datafield>
  <datafield tag="670" ind1=" " ind2=" ">
    <subfield code="a">World biog., 1954</subfield>
    <subfield code="b">(Tsiang, Dr. Tingfu F.; b. 1895)</subfield>
  </datafield>
  <datafield tag="670" ind1=" " ind2=" ">
    <subfield code="a">China yrbk, 1964/65</subfield>
    <subfield code="b">(Tsiang, Tingfu F.; b. 1895)</subfield>
  </datafield>
  <datafield tag="670" ind1=" " ind2=" ">
    <subfield code="a">Chʻŏng-Il-Han oegyo kwanʼgyesa, 1991:</subfield>
    <subfield code="b">t.p. (Chiang Tʻing-pʻu) pref. (Chiang Tʻing-fu)</subfield>
  </datafield>
  <datafield tag="670" ind1=" " ind2=" ">
    <subfield code="a">Jiang Tingfu hui yi lu, 1984:</subfield>
    <subfield code="b">t.p. (蒋廷黻 = Jiang Tingfu)</subfield>
  </datafield>
  <datafield tag="670" ind1=" " ind2=" ">
    <subfield code="a">Google, viewed April 18, 2017</subfield>
    <subfield code="b">(蒋廷黻 = Jiang Tingfu, Dec. 7, 1895-Oct. 9, 1965 ...)</subfield>
    <subfield code="u">https://zh.wikipedia.org/wiki/%E8%94%A3%E5%BB%B7%E9%BB%BB</subfield>
  </datafield>
  <datafield tag="670" ind1=" " ind2=" ">
    <subfield code="a">OCLC #122719469, December 23, 2019</subfield>
    <subfield code="b">(access point: 蔣廷黻 (Tingfu Fuller), 1895-1965= Tsiang, Tingfu F. (Tingfu Fuller), 1895-1965; usage: 蔣廷黻 = Jiang Tingfu)</subfield>
  </datafield>
  <datafield tag="952" ind1=" " ind2=" ">
    <subfield code="a">RETRO</subfield>
  </datafield>
  <datafield tag="953" ind1=" " ind2=" ">
    <subfield code="a">xx00</subfield>
  </datafield>
</record>