
<record>
  <leader>01362cz  a2200301n  4500</leader>
  <controlfield tag="001">3350883</controlfield>
  <controlfield tag="003">DLC</controlfield>
  <controlfield tag="005">20200104073422.0</controlfield>
  <controlfield tag="008">830713n| azannaabn          |a aaa      </controlfield>
  <datafield tag="010" ind1=" " ind2=" ">
    <subfield code="a">n  83035710 </subfield>
  </datafield>
  <datafield tag="035" ind1=" " ind2=" ">
    <subfield code="a">(OCoLC)oca00925396</subfield>
  </datafield>
  <datafield tag="040" ind1=" " ind2=" ">
    <subfield code="a">DLC</subfield>
    <subfield code="b">eng</subfield>
    <subfield code="e">rda</subfield>
    <subfield code="c">DLC</subfield>
    <subfield code="d">DLC</subfield>
    <subfield code="d">IEN</subfield>
    <subfield code="d">DLC</subfield>
    <subfield code="d">CU-I</subfield>
  </datafield>
  <datafield tag="046" ind1=" " ind2=" ">
    <subfield code="f">19240919</subfield>
    <subfield code="g">20150117</subfield>
  </datafield>
  <datafield tag="100" ind1="1" ind2=" ">
    <subfield code="a">Harron, Don</subfield>
  </datafield>
  <datafield tag="370" ind1=" " ind2=" ">
    <subfield code="a">Toronto (Ont.)</subfield>
    <subfield code="b">Toronto (Ont.)</subfield>
    <subfield code="c">Canada</subfield>
    <subfield code="c">United States</subfield>
    <subfield code="2">naf</subfield>
  </datafield>
  <datafield tag="374" ind1=" " ind2=" ">
    <subfield code="a">Actors</subfield>
    <subfield code="2">lcsh</subfield>
  </datafield>
  <datafield tag="375" ind1=" " ind2=" ">
    <subfield code="a">male</subfield>
  </datafield>
  <datafield tag="377" ind1=" " ind2=" ">
    <subfield code="a">eng</subfield>
  </datafield>
  <datafield tag="400" ind1="1" ind2=" ">
    <subfield code="a">Harron, Donald</subfield>
  </datafield>
  <datafield tag="400" ind1="1" ind2=" ">
    <subfield code="a">Farquharson, Charlie</subfield>
  </datafield>
  <datafield tag="670" ind1=" " ind2=" ">
    <subfield code="a">His Charlie Farquharson&apos;s history of Canada, 1972.</subfield>
  </datafield>
  <datafield tag="670" ind1=" " ind2=" ">
    <subfield code="a">Charlie&apos;s a broad, c1994:</subfield>
    <subfield code="b">t.p. (Charlie Farquharson) t.p. verso (Don Harron)</subfield>
  </datafield>
  <datafield tag="670" ind1=" " ind2=" ">
    <subfield code="a">Separate tables, 1957</subfield>
    <subfield code="b">DLC copy theater program, Music Box Theatre performance (Donald Harron)</subfield>
  </datafield>
  <datafield tag="670" ind1=" " ind2=" ">
    <subfield code="a">Internet Broadway database, Jan. 19, 2010</subfield>
    <subfield code="b">(Donald Harron; b. Sept. 19, 1924 Toronto, ON, Canada; Male; Performer, Writer)</subfield>
  </datafield>
  <datafield tag="670" ind1=" " ind2=" ">
    <subfield code="a">Info. converted from 678, 2012-10-02</subfield>
    <subfield code="b">(b. 1924)</subfield>
  </datafield>
  <datafield tag="670" ind1=" " ind2=" ">
    <subfield code="a">New York times (online), viewed Jan. 29, 2015</subfield>
    <subfield code="b">(in obituary published Jan. 28: Don Harron; b. Sept. 19, 1924, Toronto; d. there Jan. 17, aged 90; Shakespearean actor who became a star on Canadian television and a familiar face on Hee haw as the country bumpkin Charlie Farquharson)</subfield>
  </datafield>
  <datafield tag="952" ind1=" " ind2=" ">
    <subfield code="a">RETRO</subfield>
  </datafield>
  <datafield tag="953" ind1=" " ind2=" ">
    <subfield code="a">xx00</subfield>
    <subfield code="b">he11</subfield>
  </datafield>
</record>