
<record>
  <leader>00718cz  a2200193n  4500</leader>
  <controlfield tag="001">3368374</controlfield>
  <controlfield tag="003">DLC</controlfield>
  <controlfield tag="005">20200104073454.0</controlfield>
  <controlfield tag="008">840514n| acannaabn          |n aba      </controlfield>
  <datafield tag="010" ind1=" " ind2=" ">
    <subfield code="a">n  84032680 </subfield>
  </datafield>
  <datafield tag="035" ind1=" " ind2=" ">
    <subfield code="a">(OCoLC)oca01135197</subfield>
  </datafield>
  <datafield tag="040" ind1=" " ind2=" ">
    <subfield code="a">DLC</subfield>
    <subfield code="b">eng</subfield>
    <subfield code="c">DLC</subfield>
    <subfield code="d">DLC</subfield>
    <subfield code="d">FJUNF-MA</subfield>
    <subfield code="d">DLC</subfield>
    <subfield code="d">WM</subfield>
  </datafield>
  <datafield tag="100" ind1="1" ind2=" ">
    <subfield code="a">Kennedy, Patrick</subfield>
  </datafield>
  <datafield tag="667" ind1=" " ind2=" ">
    <subfield code="a">THIS 1XX FIELD CANNOT BE USED UNDER RDA UNTIL THIS UNDIFFERENTIATED RECORD HAS BEEN HANDLED FOLLOWING THE GUIDELINES IN DCM Z1 008/32</subfield>
  </datafield>
  <datafield tag="670" ind1=" " ind2=" ">
    <subfield code="a">[Author of Golf club trademarks]</subfield>
  </datafield>
  <datafield tag="670" ind1=" " ind2=" ">
    <subfield code="a">His Golf club trademarks, 1984:</subfield>
    <subfield code="b">t.p. (Patrick Kennedy)</subfield>
  </datafield>
  <datafield tag="670" ind1=" " ind2=" ">
    <subfield code="a">[Added entry of The luck of the Irish]</subfield>
  </datafield>
  <datafield tag="670" ind1=" " ind2=" ">
    <subfield code="a">The luck of the Irish, c1996:</subfield>
    <subfield code="b">t.p. (Patrick Kennedy)</subfield>
  </datafield>
  <datafield tag="953" ind1=" " ind2=" ">
    <subfield code="a">bd03</subfield>
    <subfield code="b">lg25</subfield>
  </datafield>
</record>