
<record>
  <leader>01162cz  a2200301n  4500</leader>
  <controlfield tag="001">3375021</controlfield>
  <controlfield tag="003">DLC</controlfield>
  <controlfield tag="005">20200104073457.0</controlfield>
  <controlfield tag="008">841206n| azannaabn          |b aaa     c</controlfield>
  <datafield tag="010" ind1=" " ind2=" ">
    <subfield code="a">n  84125620 </subfield>
  </datafield>
  <datafield tag="035" ind1=" " ind2=" ">
    <subfield code="a">(OCoLC)oca01229471</subfield>
  </datafield>
  <datafield tag="040" ind1=" " ind2=" ">
    <subfield code="a">MiU</subfield>
    <subfield code="b">eng</subfield>
    <subfield code="e">rda</subfield>
    <subfield code="c">DLC</subfield>
    <subfield code="d">DLC</subfield>
    <subfield code="d">OCoLC</subfield>
    <subfield code="d">ICU</subfield>
    <subfield code="d">WU</subfield>
  </datafield>
  <datafield tag="046" ind1=" " ind2=" ">
    <subfield code="f">1876-10-04</subfield>
    <subfield code="g">1953-09-25</subfield>
    <subfield code="2">edtf</subfield>
  </datafield>
  <datafield tag="053" ind1=" " ind2="0">
    <subfield code="a">PG1037.P57</subfield>
  </datafield>
  <datafield tag="100" ind1="1" ind2=" ">
    <subfield code="a">Poli︠a︡nov, Dimitŭr,</subfield>
    <subfield code="d">1876-1953</subfield>
  </datafield>
  <datafield tag="374" ind1=" " ind2=" ">
    <subfield code="a">Authors, Bulgarian</subfield>
    <subfield code="2">lcsh</subfield>
  </datafield>
  <datafield tag="375" ind1=" " ind2=" ">
    <subfield code="a">Males</subfield>
    <subfield code="2">lcdgt</subfield>
  </datafield>
  <datafield tag="377" ind1=" " ind2=" ">
    <subfield code="a">bul</subfield>
  </datafield>
  <datafield tag="400" ind1="1" ind2=" ">
    <subfield code="a">Полянов, Димитър,</subfield>
    <subfield code="d">1876-1953</subfield>
  </datafield>
  <datafield tag="400" ind1="1" ind2=" ">
    <subfield code="a">Poli︠a︡nov, D. I.,</subfield>
    <subfield code="d">1876-1953</subfield>
  </datafield>
  <datafield tag="400" ind1="1" ind2=" ">
    <subfield code="a">Popov, Dimitŭr Ivanov,</subfield>
    <subfield code="d">1876-1953</subfield>
  </datafield>
  <datafield tag="667" ind1=" " ind2=" ">
    <subfield code="a">Non-Latin script reference not evaluated.</subfield>
  </datafield>
  <datafield tag="670" ind1=" " ind2=" ">
    <subfield code="a">Izbrani tvorbi, 1983:</subfield>
    <subfield code="b">t.p. (Dimitŭr Poli︠a︡nov)</subfield>
  </datafield>
  <datafield tag="670" ind1=" " ind2=" ">
    <subfield code="a">Morski kapki, 1907:</subfield>
    <subfield code="b">t.p. (D.I. Poli︠a︡nov)</subfield>
  </datafield>
  <datafield tag="670" ind1=" " ind2=" ">
    <subfield code="a">NUC, 1956-1967</subfield>
    <subfield code="b">(Poli︠a︡nov, Dimitŭr, 1876-1953)</subfield>
  </datafield>
  <datafield tag="670" ind1=" " ind2=" ">
    <subfield code="a">Bŭlgarski knigi 1878-1944, 1978:</subfield>
    <subfield code="b">v.8, ch. 2, p. 72 (Poli︠a︡nov, Dimitŭr (psevd., ist. ime Dimitŭr Ivanov Popov, dr. f. D.I. Poli︠a︡nov, D.P.; 4.10.1876-25.9.1953))</subfield>
  </datafield>
  <datafield tag="952" ind1=" " ind2=" ">
    <subfield code="a">*fc23 035 03-26-91</subfield>
  </datafield>
  <datafield tag="953" ind1=" " ind2=" ">
    <subfield code="a">bz66</subfield>
    <subfield code="b">fc23</subfield>
  </datafield>
</record>