
<record>
  <leader>00861cz  a2200205n  4500</leader>
  <controlfield tag="001">3391589</controlfield>
  <controlfield tag="003">DLC</controlfield>
  <controlfield tag="005">20200104073331.0</controlfield>
  <controlfield tag="008">850410n| azannaabn          |a aaa      </controlfield>
  <datafield tag="010" ind1=" " ind2=" ">
    <subfield code="a">n  85053840 </subfield>
    <subfield code="z">n  84233325 </subfield>
  </datafield>
  <datafield tag="035" ind1=" " ind2=" ">
    <subfield code="a">(OCoLC)oca01308950</subfield>
  </datafield>
  <datafield tag="040" ind1=" " ind2=" ">
    <subfield code="a">InU</subfield>
    <subfield code="b">eng</subfield>
    <subfield code="e">rda</subfield>
    <subfield code="c">DLC</subfield>
    <subfield code="d">DLC</subfield>
    <subfield code="d">OCoLC</subfield>
    <subfield code="d">DLC</subfield>
    <subfield code="d">ICRL</subfield>
  </datafield>
  <datafield tag="100" ind1="1" ind2=" ">
    <subfield code="a">Buckley, Richard,</subfield>
    <subfield code="c">Sir</subfield>
  </datafield>
  <datafield tag="400" ind1="0" ind2=" ">
    <subfield code="a">R. B.</subfield>
    <subfield code="q">(Richard Buckley),</subfield>
    <subfield code="c">Sir</subfield>
  </datafield>
  <datafield tag="670" ind1=" " ind2=" ">
    <subfield code="a">Brodrick, S.J. Sr St. John Brodrick&apos;s vindication of himself, 1690:</subfield>
    <subfield code="b">t.p. (Sir Rich. Buckley)</subfield>
  </datafield>
  <datafield tag="670" ind1=" " ind2=" ">
    <subfield code="a">InU/Wing STC files</subfield>
    <subfield code="b">(usage: R.B.)</subfield>
  </datafield>
  <datafield tag="670" ind1=" " ind2=" ">
    <subfield code="a">NUC pre-1956</subfield>
    <subfield code="b">(Buckley, Sir Richard)</subfield>
  </datafield>
  <datafield tag="675" ind1=" " ind2=" ">
    <subfield code="a">DNB;</subfield>
    <subfield code="a">Alumni Oxon; Alumni Cantab., pt. I;</subfield>
    <subfield code="a">Alumni Dublinienses.</subfield>
  </datafield>
  <datafield tag="670" ind1=" " ind2=" ">
    <subfield code="a">English Short Title Catalogue online, viewed January 3, 2020:</subfield>
    <subfield code="b">ESTC citation no. R3335 (Heading: Buckley, Richard, Sir; usage: R.B., i.e. Sir Richard Buckley)</subfield>
  </datafield>
  <datafield tag="953" ind1=" " ind2=" ">
    <subfield code="a">bz46</subfield>
    <subfield code="b">kb01</subfield>
  </datafield>
</record>