
<record>
  <leader>02875cz  a2200289n  4500</leader>
  <controlfield tag="001">3399316</controlfield>
  <controlfield tag="003">DLC</controlfield>
  <controlfield tag="005">20200104073336.0</controlfield>
  <controlfield tag="008">851217n| azannaabn          |a aaa      </controlfield>
  <datafield tag="010" ind1=" " ind2=" ">
    <subfield code="a">n  85152350 </subfield>
  </datafield>
  <datafield tag="035" ind1=" " ind2=" ">
    <subfield code="a">(OCoLC)oca01462853</subfield>
  </datafield>
  <datafield tag="040" ind1=" " ind2=" ">
    <subfield code="a">DLC</subfield>
    <subfield code="b">eng</subfield>
    <subfield code="e">rda</subfield>
    <subfield code="c">DLC</subfield>
    <subfield code="d">DLC</subfield>
    <subfield code="d">OU</subfield>
  </datafield>
  <datafield tag="046" ind1=" " ind2=" ">
    <subfield code="f">1902-01-23</subfield>
    <subfield code="g">1983-07-17</subfield>
    <subfield code="2">edtf</subfield>
  </datafield>
  <datafield tag="100" ind1="1" ind2=" ">
    <subfield code="a">Requadt, Paul,</subfield>
    <subfield code="d">1902-1983</subfield>
  </datafield>
  <datafield tag="370" ind1=" " ind2=" ">
    <subfield code="a">Twistringen (Germany)</subfield>
    <subfield code="b">Mainz (Rhineland-Palatinate, Germany)</subfield>
    <subfield code="2">naf</subfield>
  </datafield>
  <datafield tag="374" ind1=" " ind2=" ">
    <subfield code="a">Philologists</subfield>
    <subfield code="a">Literary historians</subfield>
    <subfield code="2">lcsh</subfield>
  </datafield>
  <datafield tag="375" ind1=" " ind2=" ">
    <subfield code="a">Males</subfield>
    <subfield code="2">lcdgt</subfield>
  </datafield>
  <datafield tag="378" ind1=" " ind2=" ">
    <subfield code="q">Paul Heinrich</subfield>
  </datafield>
  <datafield tag="400" ind1="1" ind2=" ">
    <subfield code="a">Requadt, Paul Heinrich,</subfield>
    <subfield code="d">1902-1983</subfield>
  </datafield>
  <datafield tag="670" ind1=" " ind2=" ">
    <subfield code="a">His Unbürgerliche Dichterporträts des Expressionismus, 1985:</subfield>
    <subfield code="b">t.p. (Paul Requadt) jkt. (1902-1983; Ordinarius, Univ. Mainz)</subfield>
  </datafield>
  <datafield tag="670" ind1=" " ind2=" ">
    <subfield code="a">LC data base, 12-12-85</subfield>
    <subfield code="b">(hdg.: Requadt, Paul, 1902- )</subfield>
  </datafield>
  <datafield tag="670" ind1=" " ind2=" ">
    <subfield code="a">Wikidata via VIAF, Jan. 3, 2020</subfield>
    <subfield code="b">(born: 1902-01-23; died: 1983-07-17; preferred: Paul Requadt; variant: Paul Requadt; Paul Requadt filoloog; gender: 1)</subfield>
    <subfield code="u">http://www.viaf.org/processed/WKP%7CQ55674479</subfield>
  </datafield>
  <datafield tag="670" ind1=" " ind2=" ">
    <subfield code="a">National Library of France via VIAF, Jan. 3, 2020</subfield>
    <subfield code="b">(born: 1902-01-23; died: 1983-07-17; preferred: Requadt, Paul 1902-1983; birthplace: Twistringen, Allemagne; place of death: Mayence, Allemagne; country: Germany; gender: Males; lang. code: ger; related: Arndt Ernst Moritz; note: Philologue)</subfield>
    <subfield code="u">http://www.viaf.org/processed/BNF%7C12053736</subfield>
  </datafield>
  <datafield tag="670" ind1=" " ind2=" ">
    <subfield code="a">NUKAT Center of Warsaw University Library via VIAF, Jan. 3, 2020</subfield>
    <subfield code="b">(identifier: 109976125, http://isni.org/isni/0000000110325755, https://www.wikidata.org/wiki/Q55674479; preferred: Requadt, Paul (1902-1983).; related: Arndt, Ernst Moritz, (1769-1860)., Brentano, Clemens, (1778-1842)., Dittmann, Ulrich, (1937- )., Jean Paul, (1763-1825)., Krummacher, Hans-Henrik, (1931- )., Lichtenberg, Georg Christoph, (1742-1799)., Ohl, Hubert., Stifter, Adalbert, (1805-1868).)</subfield>
    <subfield code="u">http://www.viaf.org/processed/NUKAT%7Cn 2004035178</subfield>
  </datafield>
  <datafield tag="670" ind1=" " ind2=" ">
    <subfield code="a">ISNI via VIAF, Jan. 3, 2020</subfield>
    <subfield code="b">(identifier: 0000000110325755; preferred: Requadt, Paul 1902-1983; variant: Requadt, Paul; associated group: Alfred Kröner Verlag; related: Arndt, Ernst Moritz, 1769-1860), Brentano, Clemens, 1778-1842), Dittmann, Ulrich, 1937- ), Jean Paul, 1763-1825), Krummacher, Hans-Henrik, Lichtenberg, Georg Christoph, 1742-1799), Ohl, Hubert, Stifter, Adalbert, 1805-1868))</subfield>
    <subfield code="u">http://www.viaf.org/processed/ISNI%7C0000000110325755</subfield>
  </datafield>
  <datafield tag="670" ind1=" " ind2=" ">
    <subfield code="a">German National Library via VIAF, Jan. 3, 2020</subfield>
    <subfield code="b">(identifier: http://d-nb.info/gnd/116448903; GAC: XA-DE; other class #: 12.1p sswd; preferred: Requadt, Paul 1902-1983; field of activity: Goethe, Johann Wolfgang von; gender: 1; variant: Requadt, Paul Heinrich; related: Arndt, Ernst Moritz, 1769-1860, Brentano, Clemens, 1778-1842, Jean Paul, 1763-1825, Lichtenberg, Georg Christoph, 1742-1799, Mainz, Twistringen)</subfield>
    <subfield code="u">http://www.viaf.org/processed/DNB%7C116448903</subfield>
  </datafield>
  <datafield tag="953" ind1=" " ind2=" ">
    <subfield code="a">ec07</subfield>
  </datafield>
</record>