
<record>
  <leader>02011cz  a2200289n  4500</leader>
  <controlfield tag="001">3422338</controlfield>
  <controlfield tag="003">DLC</controlfield>
  <controlfield tag="005">20200104073338.0</controlfield>
  <controlfield tag="008">870619n| azannaabn          |n aaa     c</controlfield>
  <datafield tag="010" ind1=" " ind2=" ">
    <subfield code="a">n  86021790 </subfield>
    <subfield code="z">nr 92038686 </subfield>
  </datafield>
  <datafield tag="035" ind1=" " ind2=" ">
    <subfield code="a">(OCoLC)oca01881021</subfield>
  </datafield>
  <datafield tag="040" ind1=" " ind2=" ">
    <subfield code="a">CSt</subfield>
    <subfield code="b">eng</subfield>
    <subfield code="e">rda</subfield>
    <subfield code="c">DLC</subfield>
    <subfield code="d">DLC</subfield>
    <subfield code="d">OCoLC</subfield>
    <subfield code="d">KyU</subfield>
  </datafield>
  <datafield tag="046" ind1=" " ind2=" ">
    <subfield code="f">1851-10-05</subfield>
    <subfield code="g">1912-06-16</subfield>
    <subfield code="2">edtf</subfield>
  </datafield>
  <datafield tag="100" ind1="1" ind2=" ">
    <subfield code="a">Anshutz, Thomas Pollock,</subfield>
    <subfield code="d">1851-1912</subfield>
  </datafield>
  <datafield tag="370" ind1=" " ind2=" ">
    <subfield code="a">Newport (Ky.)</subfield>
    <subfield code="b">Fort Washington (Penn.)</subfield>
    <subfield code="c">United States</subfield>
    <subfield code="e">Wheeling (W. Va.)</subfield>
    <subfield code="e">Fort Washington (Penn.)</subfield>
    <subfield code="e">New York (N.Y.)</subfield>
    <subfield code="e">Philadelphia (Penn.)</subfield>
    <subfield code="e">Paris (France)</subfield>
    <subfield code="2">naf</subfield>
  </datafield>
  <datafield tag="373" ind1=" " ind2=" ">
    <subfield code="a">Pennsylvania Academy of the Fine Arts</subfield>
    <subfield code="2">naf</subfield>
    <subfield code="s">1896</subfield>
    <subfield code="t">1912</subfield>
  </datafield>
  <datafield tag="373" ind1=" " ind2=" ">
    <subfield code="a">Pennsylvania Academy of the Fine Arts</subfield>
    <subfield code="2">naf</subfield>
    <subfield code="s">1875</subfield>
    <subfield code="t">1881</subfield>
  </datafield>
  <datafield tag="373" ind1=" " ind2=" ">
    <subfield code="a">National Academy of Design (U.S.) (1828-1997)</subfield>
    <subfield code="2">naf</subfield>
    <subfield code="s">1872</subfield>
    <subfield code="t">1875</subfield>
  </datafield>
  <datafield tag="373" ind1=" " ind2=" ">
    <subfield code="a">Académie Julian</subfield>
    <subfield code="2">naf</subfield>
    <subfield code="s">1881</subfield>
    <subfield code="t">1896</subfield>
  </datafield>
  <datafield tag="374" ind1=" " ind2=" ">
    <subfield code="a">Painters</subfield>
    <subfield code="a">Art teachers</subfield>
    <subfield code="a">College teachers</subfield>
    <subfield code="a">College administrators</subfield>
    <subfield code="2">naf</subfield>
  </datafield>
  <datafield tag="375" ind1=" " ind2=" ">
    <subfield code="a">Males</subfield>
    <subfield code="2">lcdgt</subfield>
  </datafield>
  <datafield tag="377" ind1=" " ind2=" ">
    <subfield code="a">eng</subfield>
  </datafield>
  <datafield tag="670" ind1=" " ind2=" ">
    <subfield code="a">Memorial exhibition of the work of Thomas Anshutz, 1942:</subfield>
    <subfield code="b">p. 2 (Thomas Pollock Anshutz; b. Newport, Ky., 1851; d. Fort Washington, Pa., 1912)</subfield>
  </datafield>
  <datafield tag="670" ind1=" " ind2=" ">
    <subfield code="a">Baigell, M. Dict. of Amer. art, c1979:</subfield>
    <subfield code="b">p. 14 (Anshutz, Thomas Pollock (1851-1912), painter &amp; teacher in Philadelphia)</subfield>
  </datafield>
  <datafield tag="670" ind1=" " ind2=" ">
    <subfield code="a">Fielding, M. Mantle Fielding&apos;s dict. of Amer. painters, sculptors &amp; engravers, 1984:</subfield>
    <subfield code="b">p. 24 (Anshutz, Thomas Pollock; painter &amp; teacher; b. Newport, Ky., Oct. 5, 1851, d. Fort Washington, Penn., June 16, 1912)</subfield>
  </datafield>
  <datafield tag="670" ind1=" " ind2=" ">
    <subfield code="a">Kentucky encyclopedia, ©1992:</subfield>
    <subfield code="b">page 23 (Thomas Pollock Anshutz; Family moved to Wheeling, West Virginia in 1868.  Studied at the National Academy of Design in New York City 1872 to 1875, then under Thomas Eakins at the Pennsylvania Academy of Fine Arts until 1881, then in Paris at the Academie Julien.  He returned to the Pennsylvania Academy in 1896 where he succeeded Eakins as teacher of painting. Became head of the faculty there in 1909.  Died at his home in Fort Washington, Pennsylvania)</subfield>
  </datafield>
  <datafield tag="953" ind1=" " ind2=" ">
    <subfield code="a">bz03</subfield>
    <subfield code="b">zz00</subfield>
  </datafield>
</record>