
<record>
  <leader>01688cz  a2200229n  4500</leader>
  <controlfield tag="001">3422531</controlfield>
  <controlfield tag="003">DLC</controlfield>
  <controlfield tag="005">20200104073336.0</controlfield>
  <controlfield tag="008">870406n| azannaabn          |n aaa     c</controlfield>
  <datafield tag="010" ind1=" " ind2=" ">
    <subfield code="a">n  86024320 </subfield>
  </datafield>
  <datafield tag="035" ind1=" " ind2=" ">
    <subfield code="a">(OCoLC)oca01826922</subfield>
  </datafield>
  <datafield tag="040" ind1=" " ind2=" ">
    <subfield code="a">NjP</subfield>
    <subfield code="b">eng</subfield>
    <subfield code="e">rda</subfield>
    <subfield code="c">DLC</subfield>
    <subfield code="d">InU</subfield>
    <subfield code="d">OU</subfield>
  </datafield>
  <datafield tag="046" ind1=" " ind2=" ">
    <subfield code="f">1901-04-05</subfield>
    <subfield code="g">1981-10-29</subfield>
    <subfield code="2">edtf</subfield>
  </datafield>
  <datafield tag="100" ind1="1" ind2=" ">
    <subfield code="a">Spies, Otto,</subfield>
    <subfield code="d">1901-1981</subfield>
  </datafield>
  <datafield tag="370" ind1=" " ind2=" ">
    <subfield code="a">Bad Kreuznach (Germany)</subfield>
    <subfield code="b">Bonn (Germany)</subfield>
    <subfield code="2">naf</subfield>
  </datafield>
  <datafield tag="374" ind1=" " ind2=" ">
    <subfield code="a">Asianists</subfield>
    <subfield code="2">lcsh</subfield>
  </datafield>
  <datafield tag="375" ind1=" " ind2=" ">
    <subfield code="a">Males</subfield>
    <subfield code="2">lcdgt</subfield>
  </datafield>
  <datafield tag="670" ind1=" " ind2=" ">
    <subfield code="a">Türkische Märchen, c1967:</subfield>
    <subfield code="b">t.p. (Otto Spies)</subfield>
  </datafield>
  <datafield tag="670" ind1=" " ind2=" ">
    <subfield code="a">LC in RLIN, 3/19/87</subfield>
    <subfield code="b">(hdg.: Spies, Otto, 1901- )</subfield>
  </datafield>
  <datafield tag="670" ind1=" " ind2=" ">
    <subfield code="a">Wer ist wer, 1983:</subfield>
    <subfield code="b">Necrol. (Otto Spies, d. 1981)</subfield>
  </datafield>
  <datafield tag="670" ind1=" " ind2=" ">
    <subfield code="a">Wikidata via Wikipedia, January 3, 2020</subfield>
    <subfield code="b">(alias: Otto Spies; LCAuth identifier: n86024320; VIAF identifier: 73894099; GND identifier: 117490326; ISNI (P213): 000000010915387X; place of birth: Bad Kreuznach; place of death: Bonn; country of citizenship: Germany; instance of: human; date of birth: +1901-04-05T00:00:00Z; date of death: +1981-10-29T00:00:00Z; given name: Otto; NTA identifier (Netherlands): 067997651; occupation: orientalist; People Australia identifier: 1079155; BnF identifier: 12164817r; languages spoken or published: German; FAST-ID: 197294; Angelicum author ID (P5731): 69324; SHARE Catalogue author ID (P3987): 232075; SUDOC authorities: 058921087; sex or gender: male; NKC identifier: mub2017950845; Persons of Indian Studies ID (P5632): 5911; TDV \u0130slam Ansiklopedisi ID (P7314): spies-otto; description/label: deutscher Orientalist, Duits oriëntalist , German orientalist, orientalista alemán, مستشرق ألماني)</subfield>
    <subfield code="u">http://www.wikidata.org/entity/Q2040649</subfield>
  </datafield>
  <datafield tag="953" ind1=" " ind2=" ">
    <subfield code="a">bz63</subfield>
  </datafield>
</record>