
<record>
  <leader>01106cz  a2200265n  4500</leader>
  <controlfield tag="001">3428898</controlfield>
  <controlfield tag="003">DLC</controlfield>
  <controlfield tag="005">20200104073341.0</controlfield>
  <controlfield tag="008">870911n| azannaabn          |n aaa     c</controlfield>
  <datafield tag="010" ind1=" " ind2=" ">
    <subfield code="a">n  86105860 </subfield>
    <subfield code="z">n  86134726 </subfield>
  </datafield>
  <datafield tag="035" ind1=" " ind2=" ">
    <subfield code="a">(OCoLC)oca01938340</subfield>
  </datafield>
  <datafield tag="040" ind1=" " ind2=" ">
    <subfield code="a">CLU</subfield>
    <subfield code="b">eng</subfield>
    <subfield code="e">rda</subfield>
    <subfield code="c">DLC</subfield>
    <subfield code="d">DLC</subfield>
    <subfield code="d">OCoLC</subfield>
    <subfield code="d">WU</subfield>
    <subfield code="d">InU</subfield>
  </datafield>
  <datafield tag="046" ind1=" " ind2=" ">
    <subfield code="f">1883-11-30</subfield>
    <subfield code="g">1956-05-23</subfield>
    <subfield code="2">edtf</subfield>
  </datafield>
  <datafield tag="053" ind1=" " ind2="0">
    <subfield code="a">PH665.S82</subfield>
  </datafield>
  <datafield tag="100" ind1="1" ind2=" ">
    <subfield code="a">Suits, Gustav</subfield>
  </datafield>
  <datafield tag="370" ind1=" " ind2=" ">
    <subfield code="a">Tartumaa (Estonia)</subfield>
    <subfield code="b">Stockholm (Sweden)</subfield>
    <subfield code="c">Estonia</subfield>
    <subfield code="2">naf</subfield>
  </datafield>
  <datafield tag="374" ind1=" " ind2=" ">
    <subfield code="a">Poets</subfield>
    <subfield code="a">Literary historians</subfield>
    <subfield code="2">lcsh</subfield>
  </datafield>
  <datafield tag="375" ind1=" " ind2=" ">
    <subfield code="a">Males</subfield>
    <subfield code="2">lcdgt</subfield>
  </datafield>
  <datafield tag="377" ind1=" " ind2=" ">
    <subfield code="a">est</subfield>
  </datafield>
  <datafield tag="670" ind1=" " ind2=" ">
    <subfield code="a">Noor Kreutzwald, 1983:</subfield>
    <subfield code="b">t.p. (Gustav Suits)</subfield>
  </datafield>
  <datafield tag="670" ind1=" " ind2=" ">
    <subfield code="a">OCLC, 5-8-87</subfield>
    <subfield code="b">(hdg.: Suits, Gustav, 1883- )</subfield>
  </datafield>
  <datafield tag="670" ind1=" " ind2=" ">
    <subfield code="a">LC in OCLC, 5-8-87</subfield>
    <subfield code="b">(hdg.: Suits, Gustav)</subfield>
  </datafield>
  <datafield tag="670" ind1=" " ind2=" ">
    <subfield code="a">Oras, A. Estonian literature in exile, 1967:</subfield>
    <subfield code="b">p. 84 (Suits, Gustav, b. 11-30-1883, d. 5-23-56)</subfield>
  </datafield>
  <datafield tag="670" ind1=" " ind2=" ">
    <subfield code="a">Vikipeedia (Estonian), January 3, 2020</subfield>
    <subfield code="b">(Gustav Suits; born November 30, 1883 in Kurista, Tartumaakond; died May 23, 1956 in Stockholm; Estonian poet, literary scholar; leader of the literary group Noor-Eesti (&quot;Young Estonia&quot;))</subfield>
  </datafield>
  <datafield tag="953" ind1=" " ind2=" ">
    <subfield code="a">bz70</subfield>
    <subfield code="b">zz00</subfield>
  </datafield>
</record>