
<record>
  <leader>01919cz  a2200325n  4500</leader>
  <controlfield tag="001">3433656</controlfield>
  <controlfield tag="003">DLC</controlfield>
  <controlfield tag="005">20200104073307.0</controlfield>
  <controlfield tag="008">880927n| azaaaaaan          |a ana      </controlfield>
  <datafield tag="010" ind1=" " ind2=" ">
    <subfield code="a">n  86716930 </subfield>
  </datafield>
  <datafield tag="035" ind1=" " ind2=" ">
    <subfield code="a">(OCoLC)oca02368788</subfield>
  </datafield>
  <datafield tag="040" ind1=" " ind2=" ">
    <subfield code="a">DLC</subfield>
    <subfield code="b">eng</subfield>
    <subfield code="e">rda</subfield>
    <subfield code="c">DLC</subfield>
    <subfield code="d">DLC</subfield>
    <subfield code="d">NNC</subfield>
  </datafield>
  <datafield tag="130" ind1=" " ind2="0">
    <subfield code="a">Naučni skupovi (Crnogorska akademija nauka i umjetnosti).</subfield>
    <subfield code="p">Odjeljenje umjetnosti (Series)</subfield>
  </datafield>
  <datafield tag="370" ind1=" " ind2=" ">
    <subfield code="g">Podgorica (Montenegro)</subfield>
    <subfield code="2">naf</subfield>
  </datafield>
  <datafield tag="380" ind1=" " ind2=" ">
    <subfield code="a">Series (Publications)</subfield>
    <subfield code="a">Monographic series</subfield>
    <subfield code="2">lcsh</subfield>
  </datafield>
  <datafield tag="430" ind1=" " ind2="0">
    <subfield code="a">Symposia (Crnogorska akademija nauka i umjetnosti).</subfield>
    <subfield code="p">Department of Arts (Series)</subfield>
  </datafield>
  <datafield tag="430" ind1=" " ind2="0">
    <subfield code="a">Sborniki nauchnykh rabot (Crnogorska akademija nauka i umjetnosti).</subfield>
    <subfield code="p">Otdelenie iskusstv (Series)</subfield>
  </datafield>
  <datafield tag="430" ind1=" " ind2="0">
    <subfield code="a">Scientific meetings (Crnogorska akademija nauka i umjetnosti).</subfield>
    <subfield code="p">Department of Arts (Series)</subfield>
  </datafield>
  <datafield tag="410" ind1="2" ind2=" ">
    <subfield code="a">Crnogorska akademija nauka i umjetnosti.</subfield>
    <subfield code="b">Odjeljenje umjetnosti.</subfield>
    <subfield code="t">Naučni skupovi.</subfield>
    <subfield code="p">Odjeljenje umjetnosti</subfield>
  </datafield>
  <datafield tag="430" ind1=" " ind2="0">
    <subfield code="a">Odjeljenje umjetnosti (Series)</subfield>
  </datafield>
  <datafield tag="642" ind1=" " ind2=" ">
    <subfield code="a">knj. 4</subfield>
    <subfield code="5">DLC</subfield>
  </datafield>
  <datafield tag="643" ind1=" " ind2=" ">
    <subfield code="a">Podgorica</subfield>
    <subfield code="b">Crnogorska akademija nauka i umjetnosti :</subfield>
    <subfield code="b">Centralna narodna biblioteka &quot;Đurđe Crnojević&quot;, Cetinje :</subfield>
    <subfield code="b">Odbor za obilježavanje 500 godina prve štampane ćiriličke knjige na slovenskom jugu</subfield>
    <subfield code="d">knj. 26-</subfield>
  </datafield>
  <datafield tag="643" ind1=" " ind2=" ">
    <subfield code="a">Titograd</subfield>
    <subfield code="b">Crnogorska akademija nauka i umjetnosti</subfield>
    <subfield code="b">Muzeji i galerije Titograda</subfield>
    <subfield code="d">knj. 4-</subfield>
  </datafield>
  <datafield tag="644" ind1=" " ind2=" ">
    <subfield code="a">f</subfield>
    <subfield code="5">DLC</subfield>
  </datafield>
  <datafield tag="645" ind1=" " ind2=" ">
    <subfield code="a">t</subfield>
    <subfield code="5">DLC</subfield>
  </datafield>
  <datafield tag="646" ind1=" " ind2=" ">
    <subfield code="a">s</subfield>
    <subfield code="5">DLC</subfield>
  </datafield>
  <datafield tag="670" ind1=" " ind2=" ">
    <subfield code="a">Štamparska i književna djelatnost Božidara ... 1986:</subfield>
    <subfield code="b">t.p.</subfield>
  </datafield>
  <datafield tag="670" ind1=" " ind2=" ">
    <subfield code="a">Kosovski boj u istoriji, tradiciji i stvaralaštvu Crne Gore, 1990:</subfield>
    <subfield code="b">ser. t.p. (Naučni skupovi. Odjeljenje umjetnosti) add. t.p. (Sborniki nauchnykh rabot. Otdelenie iskustv [sic] [in Rus.])</subfield>
  </datafield>
  <datafield tag="670" ind1=" " ind2=" ">
    <subfield code="a">Crnogojevića štamparija i staro štamparstvo, 1994:</subfield>
    <subfield code="b">t.p. (Naučni skupovi ; knj. 26. Odjeljenje umjetnosti ; knj. 9) added t.p. (Scientific meetings ; v. 26. Department of Arts ; v. 9)</subfield>
  </datafield>
  <datafield tag="953" ind1=" " ind2=" ">
    <subfield code="a">ee05</subfield>
    <subfield code="b">le17</subfield>
  </datafield>
</record>