
<record>
  <leader>01611cz  a2200313n  4500</leader>
  <controlfield tag="001">3463736</controlfield>
  <controlfield tag="003">DLC</controlfield>
  <controlfield tag="005">20200104073322.0</controlfield>
  <controlfield tag="008">880607nc azannaabn          |b aaa      </controlfield>
  <datafield tag="010" ind1=" " ind2=" ">
    <subfield code="a">n  88030030 </subfield>
  </datafield>
  <datafield tag="035" ind1=" " ind2=" ">
    <subfield code="a">(OCoLC)oca02294583</subfield>
  </datafield>
  <datafield tag="040" ind1=" " ind2=" ">
    <subfield code="a">DLC</subfield>
    <subfield code="b">eng</subfield>
    <subfield code="e">rda</subfield>
    <subfield code="c">DLC</subfield>
    <subfield code="d">NmU</subfield>
    <subfield code="d">DLC</subfield>
    <subfield code="d">OCoLC</subfield>
    <subfield code="d">AzTeS</subfield>
    <subfield code="d">OCoLC</subfield>
    <subfield code="d">InU</subfield>
    <subfield code="d">MH</subfield>
  </datafield>
  <datafield tag="046" ind1=" " ind2=" ">
    <subfield code="f">19271107</subfield>
  </datafield>
  <datafield tag="100" ind1="1" ind2=" ">
    <subfield code="a">Wan, Zhexian</subfield>
  </datafield>
  <datafield tag="400" ind1="1" ind2=" ">
    <subfield code="w">nne</subfield>
    <subfield code="a">Wan, Che-hsien</subfield>
  </datafield>
  <datafield tag="400" ind1="1" ind2=" ">
    <subfield code="a">Wan, Zhe-Xian</subfield>
  </datafield>
  <datafield tag="400" ind1="1" ind2=" ">
    <subfield code="a">Wan, Z. X.</subfield>
    <subfield code="q">(Zhexian X.)</subfield>
  </datafield>
  <datafield tag="400" ind1="1" ind2=" ">
    <subfield code="a">万哲先</subfield>
  </datafield>
  <datafield tag="400" ind1="1" ind2=" ">
    <subfield code="a">萬哲先</subfield>
  </datafield>
  <datafield tag="667" ind1=" " ind2=" ">
    <subfield code="a">Machine-derived non-Latin script reference project.</subfield>
  </datafield>
  <datafield tag="667" ind1=" " ind2=" ">
    <subfield code="a">Non-Latin script references not evaluated.</subfield>
  </datafield>
  <datafield tag="667" ind1=" " ind2=" ">
    <subfield code="a">Non-Latin script references reviewed in NACO CJK Funnel References Project.</subfield>
  </datafield>
  <datafield tag="670" ind1=" " ind2=" ">
    <subfield code="a">His Tai shu ho pien ma, 1980 (1985 printing):</subfield>
    <subfield code="b">t.p. (Wan Che-hsien)</subfield>
  </datafield>
  <datafield tag="670" ind1=" " ind2=" ">
    <subfield code="a">LC data base, 5/31/88</subfield>
    <subfield code="b">(hdg.: Wan, Che-hsien; usage: Zhe-Xian Wan)</subfield>
  </datafield>
  <datafield tag="670" ind1=" " ind2=" ">
    <subfield code="a">Geometry of classical groups over finite fields, c1993:</subfield>
    <subfield code="b">t.p. (Zhe-xian Wan) p. 4 of cover (algebraist; 1948 grad., Tsinghua Univ., Biejing, China; joined Chinese Acad. of Sci. in 1950; appointed res. prof. of CAS&apos;s Inst. of Math. in 1978; moved to CAS&apos;s Inst. of Systems Sci. in 1985; guest prof. at Dept. of Info. Theory, Lund Univ., Lund, Sweden, since 1989)</subfield>
  </datafield>
  <datafield tag="670" ind1=" " ind2=" ">
    <subfield code="a">Geometry of matrices, 1996:</subfield>
    <subfield code="b">CIP t.p. (Zhe-xian Wan) data sheet (b. 11-7-27)</subfield>
  </datafield>
  <datafield tag="670" ind1=" " ind2=" ">
    <subfield code="a">Advances in algebra, c2003:</subfield>
    <subfield code="b">t.p. (Z.X. Wan, Chinese Academy of Science, Beijing, PR China)</subfield>
  </datafield>
  <datafield tag="670" ind1=" " ind2=" ">
    <subfield code="a">OCLC #21048465, January 3, 2020</subfield>
    <subfield code="b">(access point: 万哲先 = Wan, Zhexian ; usage: 万哲先 = Wan Zhexian)</subfield>
  </datafield>
  <datafield tag="953" ind1=" " ind2=" ">
    <subfield code="a">bl04</subfield>
    <subfield code="b">jd25</subfield>
  </datafield>
</record>