
<record>
  <leader>01342cz  a2200301n  4500</leader>
  <controlfield tag="001">3518008</controlfield>
  <controlfield tag="003">DLC</controlfield>
  <controlfield tag="005">20200104073315.0</controlfield>
  <controlfield tag="008">900502n| acannaab|          |a aaa |||  </controlfield>
  <datafield tag="010" ind1=" " ind2=" ">
    <subfield code="a">n  90639590 </subfield>
  </datafield>
  <datafield tag="016" ind1=" " ind2=" ">
    <subfield code="a">0040K2045E</subfield>
  </datafield>
  <datafield tag="035" ind1=" " ind2=" ">
    <subfield code="a">(OCoLC)oca02734422</subfield>
  </datafield>
  <datafield tag="040" ind1=" " ind2=" ">
    <subfield code="a">DLC</subfield>
    <subfield code="b">eng</subfield>
    <subfield code="c">DLC</subfield>
    <subfield code="d">CaOONL</subfield>
  </datafield>
  <datafield tag="042" ind1=" " ind2=" ">
    <subfield code="a">nlc</subfield>
  </datafield>
  <datafield tag="046" ind1=" " ind2=" ">
    <subfield code="f">1832</subfield>
    <subfield code="g">1897</subfield>
    <subfield code="2">edtf</subfield>
  </datafield>
  <datafield tag="100" ind1="1" ind2=" ">
    <subfield code="a">Ross, Alexander Milton,</subfield>
    <subfield code="d">1832-1897</subfield>
  </datafield>
  <datafield tag="370" ind1=" " ind2=" ">
    <subfield code="c">Canada</subfield>
    <subfield code="2">naf</subfield>
  </datafield>
  <datafield tag="374" ind1=" " ind2=" ">
    <subfield code="a">Ornithologists</subfield>
    <subfield code="a">Abolitionists</subfield>
    <subfield code="2">lcsh</subfield>
  </datafield>
  <datafield tag="377" ind1=" " ind2=" ">
    <subfield code="a">eng</subfield>
  </datafield>
  <datafield tag="400" ind1="1" ind2=" ">
    <subfield code="a">Ross, A. M.</subfield>
    <subfield code="q">(Alexander Milton),</subfield>
    <subfield code="d">1832-1897</subfield>
  </datafield>
  <datafield tag="400" ind1="1" ind2=" ">
    <subfield code="a">Ross, Alex. M.</subfield>
    <subfield code="q">(Alexander Milton),</subfield>
    <subfield code="d">1832-1897</subfield>
  </datafield>
  <datafield tag="400" ind1="1" ind2=" ">
    <subfield code="a">Ross, Alexander M.</subfield>
    <subfield code="q">(Alexander Milton),</subfield>
    <subfield code="d">1832-1897</subfield>
  </datafield>
  <datafield tag="670" ind1=" " ind2=" ">
    <subfield code="a">nuc89-31281: His The slaveholders&apos; rebellion [MI] 1865</subfield>
    <subfield code="b">(hdg. on LCP rept.: Ross, Alexander Milton, 1832-1897)</subfield>
  </datafield>
  <datafield tag="670" ind1=" " ind2=" ">
    <subfield code="a">LC data base, 5/2/90</subfield>
    <subfield code="b">(hdg.: Ross, Alexander Milton, 1832-1897; no usage)</subfield>
  </datafield>
  <datafield tag="670" ind1=" " ind2=" ">
    <subfield code="a">NUC pre-1956</subfield>
    <subfield code="b">(LC hdg.: Ross, Alexander Milton, 1832-1897; usage: Alexander Milton Ross; Alexander M. Ross; A.M. Ross)</subfield>
  </datafield>
  <datafield tag="670" ind1=" " ind2=" ">
    <subfield code="a">The birdman, 2018:</subfield>
    <subfield code="b">page 38 (Dr. Alexander Milton Ross)</subfield>
  </datafield>
  <datafield tag="670" ind1=" " ind2=" ">
    <subfield code="a">Canadiana, January 3, 2020</subfield>
    <subfield code="b">(access point: Ross, Alexander Milton, 1832-1897; variants: Ross, Alex. M. (Alexander Milton); Ross, Alexander M. (Alexander Milton); Canadian ornithologist and undercover abolitionist)</subfield>
  </datafield>
  <datafield tag="953" ind1=" " ind2=" ">
    <subfield code="a">na21</subfield>
  </datafield>
</record>