
<record>
  <leader>00777cz  a2200229n  4500</leader>
  <controlfield tag="001">3521134</controlfield>
  <controlfield tag="003">DLC</controlfield>
  <controlfield tag="005">20200104073317.0</controlfield>
  <controlfield tag="008">900726n| azannaab|          |a aaa      </controlfield>
  <datafield tag="010" ind1=" " ind2=" ">
    <subfield code="a">n  90674350 </subfield>
  </datafield>
  <datafield tag="016" ind1=" " ind2=" ">
    <subfield code="a">0022J2390E</subfield>
  </datafield>
  <datafield tag="035" ind1=" " ind2=" ">
    <subfield code="a">(OCoLC)oca02787372</subfield>
  </datafield>
  <datafield tag="040" ind1=" " ind2=" ">
    <subfield code="a">DLC</subfield>
    <subfield code="b">eng</subfield>
    <subfield code="e">rda</subfield>
    <subfield code="c">DLC</subfield>
    <subfield code="d">CaOONL</subfield>
  </datafield>
  <datafield tag="042" ind1=" " ind2=" ">
    <subfield code="a">nlc</subfield>
  </datafield>
  <datafield tag="046" ind1=" " ind2=" ">
    <subfield code="f">1950</subfield>
    <subfield code="2">edtf</subfield>
  </datafield>
  <datafield tag="100" ind1="1" ind2=" ">
    <subfield code="a">Wolfson, Lorne H.</subfield>
    <subfield code="q">(Lorne Howard),</subfield>
    <subfield code="d">1950-</subfield>
  </datafield>
  <datafield tag="377" ind1=" " ind2=" ">
    <subfield code="a">eng</subfield>
  </datafield>
  <datafield tag="400" ind1="1" ind2=" ">
    <subfield code="w">nna</subfield>
    <subfield code="a">Wolfson, Lorne Howard,</subfield>
    <subfield code="d">1950-</subfield>
  </datafield>
  <datafield tag="670" ind1=" " ind2=" ">
    <subfield code="a">nuc90-37649: His The new family law, 1987</subfield>
    <subfield code="b">(hdg. on CaBVaU rept.: Wolfson, Lorne Howard, 1950- ; usage: Lorne H. Wolfson)</subfield>
  </datafield>
  <datafield tag="670" ind1=" " ind2=" ">
    <subfield code="a">LC data base, 07-26-90</subfield>
    <subfield code="b">(hdg.: Wolfson, Lorne Howard, 1950- ; usage: Lorne H. Wolfson)</subfield>
  </datafield>
  <datafield tag="670" ind1=" " ind2=" ">
    <subfield code="a">NLC 9-20-89</subfield>
    <subfield code="b">(Wolfson, Lorne Howard, 1950- )</subfield>
  </datafield>
  <datafield tag="953" ind1=" " ind2=" ">
    <subfield code="a">na20</subfield>
  </datafield>
</record>