
<record>
  <leader>01613cz  a2200325n  4500</leader>
  <controlfield tag="001">3528195</controlfield>
  <controlfield tag="003">DLC</controlfield>
  <controlfield tag="005">20200104073251.0</controlfield>
  <controlfield tag="008">910308n| azannaabn          |a aaa     c</controlfield>
  <datafield tag="010" ind1=" " ind2=" ">
    <subfield code="a">nr 91007940 </subfield>
    <subfield code="z">n  96018024 </subfield>
  </datafield>
  <datafield tag="016" ind1=" " ind2=" ">
    <subfield code="a">0009D3528E</subfield>
  </datafield>
  <datafield tag="035" ind1=" " ind2=" ">
    <subfield code="a">(OCoLC)oca02911011</subfield>
  </datafield>
  <datafield tag="040" ind1=" " ind2=" ">
    <subfield code="a">NjP</subfield>
    <subfield code="b">eng</subfield>
    <subfield code="e">rda</subfield>
    <subfield code="c">NjP</subfield>
    <subfield code="d">DLC</subfield>
    <subfield code="d">GU</subfield>
    <subfield code="d">OCoLC</subfield>
    <subfield code="d">NjP</subfield>
    <subfield code="d">CaBViV</subfield>
    <subfield code="d">CaOONL</subfield>
  </datafield>
  <datafield tag="046" ind1=" " ind2=" ">
    <subfield code="f">1945-06-25</subfield>
    <subfield code="2">edtf</subfield>
  </datafield>
  <datafield tag="053" ind1=" " ind2="0">
    <subfield code="a">PR9199.3.S5615</subfield>
  </datafield>
  <datafield tag="053" ind1=" " ind2="4">
    <subfield code="a">PS8587 M59</subfield>
    <subfield code="5">CaOONL</subfield>
  </datafield>
  <datafield tag="100" ind1="1" ind2=" ">
    <subfield code="a">Smith, Steven,</subfield>
    <subfield code="d">1945-</subfield>
  </datafield>
  <datafield tag="370" ind1=" " ind2=" ">
    <subfield code="e">Saskatoon (Sask.)</subfield>
    <subfield code="2">naf</subfield>
  </datafield>
  <datafield tag="377" ind1=" " ind2=" ">
    <subfield code="a">eng</subfield>
  </datafield>
  <datafield tag="378" ind1=" " ind2=" ">
    <subfield code="q">Steven Ross</subfield>
  </datafield>
  <datafield tag="400" ind1="1" ind2=" ">
    <subfield code="a">Smith, Steven Ross,</subfield>
    <subfield code="d">1945-</subfield>
  </datafield>
  <datafield tag="510" ind1="2" ind2=" ">
    <subfield code="w">r</subfield>
    <subfield code="i">Corporate body:</subfield>
    <subfield code="a">Owen Sound (Writers&apos; cooperative)</subfield>
  </datafield>
  <datafield tag="670" ind1=" " ind2=" ">
    <subfield code="a">His Transient light, 1990:</subfield>
    <subfield code="b">t.p. (Steven Smith) Can. CIP (Smith, Steven, 1945-)</subfield>
  </datafield>
  <datafield tag="670" ind1=" " ind2=" ">
    <subfield code="a">Reading my father&apos;s book, c1995:</subfield>
    <subfield code="b">t.p. (Steven Ross Smith) Can. CIP (Smith, Steven Ross, 1945- ) p. 4 of cover (was a member of the ensemble Owen Sound; ed. with Underwhich Editions &amp; exec. dir. of Sage Hill Writing Experience; lives in Saskatoon, Sask.)</subfield>
  </datafield>
  <datafield tag="670" ind1=" " ind2=" ">
    <subfield code="a">Lures, c1997:</subfield>
    <subfield code="b">t.p. (Steven Ross Smith) Canadian CIP (Smith, Steven) p. 4 of cover (also author of Ritual murders, Reading my father&apos;s book, Transient light, and Sleepwalkers with Richard Truhlar)</subfield>
  </datafield>
  <datafield tag="670" ind1=" " ind2=" ">
    <subfield code="a">NLC, 05-29-98</subfield>
    <subfield code="b">(revised authority: Smith, Steven, 1945- )</subfield>
  </datafield>
  <datafield tag="670" ind1=" " ind2=" ">
    <subfield code="a">Canadiana database, viewed 12 December 2019</subfield>
    <subfield code="b">(Smith, Steven, 1945- ; born 1945-06-25; Canadian; lives and writes in Banff, Alberta and on Galiano Island, British Columbia)</subfield>
  </datafield>
  <datafield tag="700" ind1="1" ind2="6">
    <subfield code="a">Smith, Steven,</subfield>
    <subfield code="d">1945-</subfield>
    <subfield code="0">(CaOONL)ncf10090664</subfield>
  </datafield>
  <datafield tag="953" ind1=" " ind2=" ">
    <subfield code="a">xx00</subfield>
    <subfield code="b">ta03</subfield>
  </datafield>
  <datafield tag="985" ind1=" " ind2=" ">
    <subfield code="c">RLIN</subfield>
    <subfield code="e">LSPC</subfield>
  </datafield>
</record>