
<record>
  <leader>01243cz  a2200229n  4500</leader>
  <controlfield tag="001">3537807</controlfield>
  <controlfield tag="003">DLC</controlfield>
  <controlfield tag="005">20200104073252.0</controlfield>
  <controlfield tag="008">910524n| azannaabn          |a aaa      </controlfield>
  <datafield tag="010" ind1=" " ind2=" ">
    <subfield code="a">n  91052350 </subfield>
  </datafield>
  <datafield tag="035" ind1=" " ind2=" ">
    <subfield code="a">(OCoLC)oca02954628</subfield>
  </datafield>
  <datafield tag="040" ind1=" " ind2=" ">
    <subfield code="a">DLC</subfield>
    <subfield code="b">eng</subfield>
    <subfield code="e">rda</subfield>
    <subfield code="c">DLC</subfield>
    <subfield code="d">DLC</subfield>
    <subfield code="d">OOC</subfield>
  </datafield>
  <datafield tag="046" ind1=" " ind2=" ">
    <subfield code="f">1940-02-10</subfield>
    <subfield code="g">2009-06-07</subfield>
    <subfield code="2">edtf</subfield>
  </datafield>
  <datafield tag="100" ind1="1" ind2=" ">
    <subfield code="a">Rankin, Kenny</subfield>
  </datafield>
  <datafield tag="370" ind1=" " ind2=" ">
    <subfield code="a">Manhattan (New York, N.Y.)</subfield>
    <subfield code="b">Los Angeles (Calif.)</subfield>
    <subfield code="c">United States</subfield>
    <subfield code="2">naf</subfield>
  </datafield>
  <datafield tag="374" ind1=" " ind2=" ">
    <subfield code="a">Singers</subfield>
    <subfield code="a">Composers</subfield>
    <subfield code="a">Lyricists</subfield>
    <subfield code="a">Guitarists</subfield>
    <subfield code="2">lcdgt</subfield>
  </datafield>
  <datafield tag="400" ind1="1" ind2=" ">
    <subfield code="a">Rankin, Kenneth,</subfield>
    <subfield code="d">1940-</subfield>
  </datafield>
  <datafield tag="670" ind1=" " ind2=" ">
    <subfield code="a">His After the roses [SR] p1980:</subfield>
    <subfield code="b">label (Kenny Rankin)</subfield>
  </datafield>
  <datafield tag="670" ind1=" " ind2=" ">
    <subfield code="a">New York times WWW site, June 9, 2009</subfield>
    <subfield code="b">(Kenny Rankin; b. Feb. 10, 1940, Manhattan; d. Sunday [June 7, 2009], Los Angeles, aged 69; singer, songwriter, and guitarist whose easygoing style straddled the worlds of pop, jazz, and folk)</subfield>
  </datafield>
  <datafield tag="670" ind1=" " ind2=" ">
    <subfield code="a">Dylan, Bob. The cutting edge 1965-1966, ℗2015:</subfield>
    <subfield code="b">book 2, page 42 (Kenneth Rankin, guitar)</subfield>
  </datafield>
  <datafield tag="670" ind1=" " ind2=" ">
    <subfield code="a">Wikipedia, January 3, 2020</subfield>
    <subfield code="b">(Kenny Rankin; born Kenneth Joseph Rankin, February 10, 1940, Manhattan, New York City; died June 7, 2009, Los Angeles, California; American singer and songwriter; a guitarist on the album Bringing it all back home by Bob Dylan)</subfield>
  </datafield>
  <datafield tag="953" ind1=" " ind2=" ">
    <subfield code="a">ne22</subfield>
    <subfield code="b">tc04</subfield>
  </datafield>
</record>