
<record>
  <leader>01075cz  a2200241n  4500</leader>
  <controlfield tag="001">3545211</controlfield>
  <controlfield tag="003">DLC</controlfield>
  <controlfield tag="005">20200104073528.0</controlfield>
  <controlfield tag="008">920107n| azannaabn          |a aaa      </controlfield>
  <datafield tag="010" ind1=" " ind2=" ">
    <subfield code="a">n  92001430 </subfield>
  </datafield>
  <datafield tag="035" ind1=" " ind2=" ">
    <subfield code="a">(OCoLC)oca03085732</subfield>
  </datafield>
  <datafield tag="040" ind1=" " ind2=" ">
    <subfield code="a">DLC</subfield>
    <subfield code="b">eng</subfield>
    <subfield code="e">rda</subfield>
    <subfield code="c">DLC</subfield>
    <subfield code="d">PPi-MA</subfield>
    <subfield code="d">DLC</subfield>
    <subfield code="d">PPi-MA</subfield>
  </datafield>
  <datafield tag="046" ind1=" " ind2=" ">
    <subfield code="f">1957-04-05</subfield>
    <subfield code="2">edtf</subfield>
  </datafield>
  <datafield tag="100" ind1="1" ind2=" ">
    <subfield code="a">Gill, Vince</subfield>
  </datafield>
  <datafield tag="370" ind1=" " ind2=" ">
    <subfield code="a">Norman (Okla.)</subfield>
    <subfield code="c">United States</subfield>
    <subfield code="2">naf</subfield>
  </datafield>
  <datafield tag="374" ind1=" " ind2=" ">
    <subfield code="a">Singers</subfield>
    <subfield code="a">Composers</subfield>
    <subfield code="a">Country musicians</subfield>
    <subfield code="a">Guitarists</subfield>
    <subfield code="2">lcsh</subfield>
  </datafield>
  <datafield tag="375" ind1=" " ind2=" ">
    <subfield code="a">Males</subfield>
    <subfield code="2">lcdgt</subfield>
  </datafield>
  <datafield tag="400" ind1="1" ind2=" ">
    <subfield code="a">Gill, Vincent Grant</subfield>
  </datafield>
  <datafield tag="670" ind1=" " ind2=" ">
    <subfield code="a">His Pocket full of gold [SR] p1991:</subfield>
    <subfield code="b">label (Vince Gill)</subfield>
  </datafield>
  <datafield tag="670" ind1=" " ind2=" ">
    <subfield code="a">Guinness enc. of pop. mus., 2nd ed.</subfield>
    <subfield code="b">(Gill, Vince; b. Vincent Grant Gill, 4-5-57, Norman, Okla.)</subfield>
  </datafield>
  <datafield tag="670" ind1=" " ind2=" ">
    <subfield code="a">McCloud, B. Definitive country</subfield>
    <subfield code="b">(Gill, Vince; given name: Vincent Grant Gill; b. 4-12-57, Norman, Okla.; singer, songwriter, guitar, mandolin, fiddle, dobro)</subfield>
  </datafield>
  <datafield tag="670" ind1=" " ind2=" ">
    <subfield code="a">Int. ww in pop. mus., 20th ed.</subfield>
    <subfield code="b">(Gill, Vincent (Vince) Grant; born April 5, 1957, Norman, Oklahoma; American country singer, musician (guitar), and songwriter)</subfield>
  </datafield>
  <datafield tag="953" ind1=" " ind2=" ">
    <subfield code="a">ns31</subfield>
    <subfield code="b">qr12</subfield>
  </datafield>
</record>