
<record>
  <leader>01429cz  a2200349n  4500</leader>
  <controlfield tag="001">3546925</controlfield>
  <controlfield tag="003">DLC</controlfield>
  <controlfield tag="005">20200104073528.0</controlfield>
  <controlfield tag="008">920226n| azannaabn          |b aaa      </controlfield>
  <datafield tag="010" ind1=" " ind2=" ">
    <subfield code="a">nr 92007660 </subfield>
  </datafield>
  <datafield tag="035" ind1=" " ind2=" ">
    <subfield code="a">(OCoLC)oca03118300</subfield>
  </datafield>
  <datafield tag="040" ind1=" " ind2=" ">
    <subfield code="a">DLC-R</subfield>
    <subfield code="b">eng</subfield>
    <subfield code="c">DLC-R</subfield>
    <subfield code="d">DLC-R</subfield>
    <subfield code="d">OCoLC</subfield>
    <subfield code="d">SG-SiILA</subfield>
    <subfield code="e">rda</subfield>
    <subfield code="d">DLC</subfield>
    <subfield code="d">MH</subfield>
  </datafield>
  <datafield tag="046" ind1=" " ind2=" ">
    <subfield code="f">1948</subfield>
  </datafield>
  <datafield tag="053" ind1=" " ind2="0">
    <subfield code="a">PL2909.I438</subfield>
  </datafield>
  <datafield tag="100" ind1="1" ind2=" ">
    <subfield code="a">Tian, Si,</subfield>
    <subfield code="d">1948-</subfield>
  </datafield>
  <datafield tag="370" ind1=" " ind2=" ">
    <subfield code="a">Sarawak, Kuching</subfield>
    <subfield code="c">Malaysia</subfield>
  </datafield>
  <datafield tag="373" ind1=" " ind2=" ">
    <subfield code="a">Nanyang University. Chinese Language Centre</subfield>
    <subfield code="2">naf</subfield>
  </datafield>
  <datafield tag="375" ind1=" " ind2=" ">
    <subfield code="a">male</subfield>
  </datafield>
  <datafield tag="377" ind1=" " ind2=" ">
    <subfield code="a">chi</subfield>
  </datafield>
  <datafield tag="400" ind1="1" ind2=" ">
    <subfield code="w">nne</subfield>
    <subfield code="a">Tʻien, Ssu,</subfield>
    <subfield code="d">1948-</subfield>
  </datafield>
  <datafield tag="400" ind1="1" ind2=" ">
    <subfield code="a">Chen, Litong,</subfield>
    <subfield code="d">1948-</subfield>
  </datafield>
  <datafield tag="400" ind1="1" ind2=" ">
    <subfield code="a">Chʻen, Li-tʻung,</subfield>
    <subfield code="d">1948-</subfield>
  </datafield>
  <datafield tag="400" ind1="1" ind2=" ">
    <subfield code="a">田思,</subfield>
    <subfield code="d">1948-</subfield>
  </datafield>
  <datafield tag="400" ind1="1" ind2=" ">
    <subfield code="a">陈立同,</subfield>
    <subfield code="d">1948-</subfield>
  </datafield>
  <datafield tag="667" ind1=" " ind2=" ">
    <subfield code="a">Machine-derived non-Latin script references project.</subfield>
  </datafield>
  <datafield tag="667" ind1=" " ind2=" ">
    <subfield code="a">Non-Latin script references not evaluated.</subfield>
  </datafield>
  <datafield tag="667" ind1=" " ind2=" ">
    <subfield code="a">Non-Latin script references reviewed in NACO CJK Funnel References Project.</subfield>
  </datafield>
  <datafield tag="670" ind1=" " ind2=" ">
    <subfield code="a">His Hsi niao hsiang chih ko, 1986:</subfield>
    <subfield code="b">t.p. (Tʻien Ssu) cover flap (real name Chʻen Li-tʻung, b. 1948 at Sarawak, Kuching; grad. fr. Nanyang Univ., Singapore, majoring in Chinese literature)</subfield>
  </datafield>
  <datafield tag="670" ind1=" " ind2=" ">
    <subfield code="a">Tian Si san wen xiao shuo xuan, 1996 :</subfield>
    <subfield code="b">t.p. (田思 = Tian Si) p. 2 of cover (real name: 陈立同 = Chen Litong)</subfield>
  </datafield>
  <datafield tag="670" ind1=" " ind2=" ">
    <subfield code="a">LC database, December 19, 2019</subfield>
    <subfield code="b">(access point: 田思, 1948- = Tian, Si, 1948-; usage: 田思 = Tian Si)</subfield>
  </datafield>
  <datafield tag="953" ind1=" " ind2=" ">
    <subfield code="a">xx00</subfield>
    <subfield code="b">cc17</subfield>
  </datafield>
  <datafield tag="985" ind1=" " ind2=" ">
    <subfield code="c">RLIN</subfield>
    <subfield code="e">LSPC</subfield>
  </datafield>
</record>