
<record>
  <leader>00568cz  a2200193n  4500</leader>
  <controlfield tag="001">3548796</controlfield>
  <controlfield tag="003">DLC</controlfield>
  <controlfield tag="005">20200104073528.0</controlfield>
  <controlfield tag="008">920210n| azannaabn          |n aaa      </controlfield>
  <datafield tag="010" ind1=" " ind2=" ">
    <subfield code="a">n  92014340 </subfield>
    <subfield code="z">n  83046030 </subfield>
  </datafield>
  <datafield tag="035" ind1=" " ind2=" ">
    <subfield code="a">(OCoLC)oca03107376</subfield>
  </datafield>
  <datafield tag="040" ind1=" " ind2=" ">
    <subfield code="a">DLC</subfield>
    <subfield code="b">eng</subfield>
    <subfield code="e">rda</subfield>
    <subfield code="c">DLC</subfield>
    <subfield code="d">DLC</subfield>
    <subfield code="d">DNLM</subfield>
  </datafield>
  <datafield tag="046" ind1=" " ind2=" ">
    <subfield code="f">19470114</subfield>
  </datafield>
  <datafield tag="100" ind1="1" ind2=" ">
    <subfield code="a">Maisel, Eric,</subfield>
    <subfield code="d">1947-</subfield>
  </datafield>
  <datafield tag="375" ind1=" " ind2=" ">
    <subfield code="a">male</subfield>
  </datafield>
  <datafield tag="378" ind1=" " ind2=" ">
    <subfield code="q">Eric Richard</subfield>
  </datafield>
  <datafield tag="670" ind1=" " ind2=" ">
    <subfield code="a">His Staying sane in the arts, 1992:</subfield>
    <subfield code="b">CIP t.p. (Eric Maisel, Ph.D.)</subfield>
  </datafield>
  <datafield tag="670" ind1=" " ind2=" ">
    <subfield code="a">Phone call to pub., 2-7-92</subfield>
    <subfield code="b">(Eric Richard Maisel; b. 1-14-47)</subfield>
  </datafield>
  <datafield tag="953" ind1=" " ind2=" ">
    <subfield code="a">br25</subfield>
    <subfield code="b">lg09</subfield>
  </datafield>
</record>