
<record>
  <leader>00736cz  a2200217n  4500</leader>
  <controlfield tag="001">3555399</controlfield>
  <controlfield tag="003">DLC</controlfield>
  <controlfield tag="005">20200104073529.0</controlfield>
  <controlfield tag="008">920410n| azannaabn          |n aaa      </controlfield>
  <datafield tag="010" ind1=" " ind2=" ">
    <subfield code="a">n  92040300 </subfield>
  </datafield>
  <datafield tag="035" ind1=" " ind2=" ">
    <subfield code="a">(OCoLC)oca03149444</subfield>
  </datafield>
  <datafield tag="040" ind1=" " ind2=" ">
    <subfield code="a">DLC</subfield>
    <subfield code="b">eng</subfield>
    <subfield code="e">rda</subfield>
    <subfield code="c">DLC</subfield>
    <subfield code="d">PPi-MA</subfield>
    <subfield code="d">OOC</subfield>
  </datafield>
  <datafield tag="046" ind1=" " ind2=" ">
    <subfield code="f">1940-08-10</subfield>
    <subfield code="2">edtf</subfield>
  </datafield>
  <datafield tag="100" ind1="1" ind2=" ">
    <subfield code="a">Kennedy, Jerry,</subfield>
    <subfield code="d">1940-</subfield>
  </datafield>
  <datafield tag="370" ind1=" " ind2=" ">
    <subfield code="a">Shreveport (La.)</subfield>
    <subfield code="2">naf</subfield>
  </datafield>
  <datafield tag="374" ind1=" " ind2=" ">
    <subfield code="a">Guitarists</subfield>
    <subfield code="2">lcdgt</subfield>
  </datafield>
  <datafield tag="378" ind1=" " ind2=" ">
    <subfield code="q">Jerry Glenn</subfield>
  </datafield>
  <datafield tag="670" ind1=" " ind2=" ">
    <subfield code="a">Bandy, M. Many mansions [SR] p1989:</subfield>
    <subfield code="b">label (Jerry Kennedy)</subfield>
  </datafield>
  <datafield tag="670" ind1=" " ind2=" ">
    <subfield code="a">OCLC 19980494</subfield>
    <subfield code="b">(hdg.: Kennedy, Jerry, 1940- )</subfield>
  </datafield>
  <datafield tag="670" ind1=" " ind2=" ">
    <subfield code="a">Enc. of pop. mus., 3rd ed.</subfield>
    <subfield code="b">(Kennedy, Jerry; b. Jerry Glenn Kennedy, Aug. 10, 1940, Caddo Parish, Shreveport, La.; session guitarist)</subfield>
  </datafield>
  <datafield tag="953" ind1=" " ind2=" ">
    <subfield code="a">ns23</subfield>
  </datafield>
</record>