
<record>
  <leader>01585cz  a2200325n  4500</leader>
  <controlfield tag="001">3652783</controlfield>
  <controlfield tag="003">DLC</controlfield>
  <controlfield tag="005">20200104073439.0</controlfield>
  <controlfield tag="008">970414nc azannaabn          |b aaa     c</controlfield>
  <datafield tag="010" ind1=" " ind2=" ">
    <subfield code="a">nr 97013900 </subfield>
  </datafield>
  <datafield tag="035" ind1=" " ind2=" ">
    <subfield code="a">(OCoLC)oca04321667</subfield>
  </datafield>
  <datafield tag="040" ind1=" " ind2=" ">
    <subfield code="a">NIC</subfield>
    <subfield code="b">eng</subfield>
    <subfield code="e">rda</subfield>
    <subfield code="c">NIC</subfield>
    <subfield code="d">NjP-G</subfield>
    <subfield code="d">OCoLC</subfield>
    <subfield code="d">NjP-G</subfield>
    <subfield code="d">OCoLC</subfield>
    <subfield code="d">UPB</subfield>
    <subfield code="d">MH</subfield>
  </datafield>
  <datafield tag="046" ind1=" " ind2=" ">
    <subfield code="f">1964</subfield>
  </datafield>
  <datafield tag="100" ind1="1" ind2=" ">
    <subfield code="a">Tao, Chun,</subfield>
    <subfield code="d">1964-</subfield>
  </datafield>
  <datafield tag="370" ind1=" " ind2=" ">
    <subfield code="a">Shandong Sheng, China</subfield>
  </datafield>
  <datafield tag="375" ind1=" " ind2=" ">
    <subfield code="a">male</subfield>
  </datafield>
  <datafield tag="377" ind1=" " ind2=" ">
    <subfield code="a">chi</subfield>
  </datafield>
  <datafield tag="400" ind1="1" ind2=" ">
    <subfield code="a">陶純,</subfield>
    <subfield code="d">1964-</subfield>
  </datafield>
  <datafield tag="400" ind1="1" ind2=" ">
    <subfield code="a">陶纯,</subfield>
    <subfield code="d">1964-</subfield>
  </datafield>
  <datafield tag="500" ind1="0" ind2=" ">
    <subfield code="a">Chunzi,</subfield>
    <subfield code="d">1964-</subfield>
  </datafield>
  <datafield tag="667" ind1=" " ind2=" ">
    <subfield code="a">Machine-derived non-Latin script reference project.</subfield>
  </datafield>
  <datafield tag="667" ind1=" " ind2=" ">
    <subfield code="a">Non-Latin script references not evaluated.</subfield>
  </datafield>
  <datafield tag="667" ind1=" " ind2=" ">
    <subfield code="a">Non-Latin script references reviewed in NACO CJK Funnel References Project.</subfield>
  </datafield>
  <datafield tag="670" ind1=" " ind2=" ">
    <subfield code="a">Chu tsung ta wang Ku Keng-yü, 1995:</subfield>
    <subfield code="b">t.p. (Tʻao Chʻun) flap of cover (b. 1964; native of Shan-tung province, Tung-a hsien; joined P.L.A. in 1980)</subfield>
  </datafield>
  <datafield tag="670" ind1=" " ind2=" ">
    <subfield code="a">I chiang hsüeh shui hsiang tung liu, 1993:</subfield>
    <subfield code="b">t.p. (Chʻun-tzu) biog. data (other names used: Yao Tse-chʻun, Tʻao Chʻun; b. 1964; native of Tung-ohsien, Shan-tung; joined the army in 1980; started literary career in 1985; studied at Chieh fang chün i shu hsüeh yüan wen hsüeh hsi, 1991-1993)</subfield>
  </datafield>
  <datafield tag="670" ind1=" " ind2=" ">
    <subfield code="a">Hsüeh se hsiung kuan, 1995:</subfield>
    <subfield code="b">t.p. (Tʻao Chʻun)</subfield>
  </datafield>
  <datafield tag="670" ind1=" " ind2=" ">
    <subfield code="a">Zi dan chuan guo tou lu, 2011:</subfield>
    <subfield code="b">title page (陶纯 = Tao Chun) front flap (native of Liaocheng, Shandong Sheng; male)</subfield>
  </datafield>
  <datafield tag="670" ind1=" " ind2=" ">
    <subfield code="a">OCLC #36476731, November 20, 2019</subfield>
    <subfield code="b">(access point: 陶纯, 1964- = Tao, Chun, 1964-; usage: 陶纯 = Tao Chun)</subfield>
  </datafield>
  <datafield tag="953" ind1=" " ind2=" ">
    <subfield code="a">xx00</subfield>
  </datafield>
  <datafield tag="985" ind1=" " ind2=" ">
    <subfield code="c">RLG</subfield>
    <subfield code="e">LSPC</subfield>
  </datafield>
</record>