
<record>
  <leader>00527cz  a2200181n  4500</leader>
  <controlfield tag="001">3658776</controlfield>
  <controlfield tag="003">DLC</controlfield>
  <controlfield tag="005">20200104073439.0</controlfield>
  <controlfield tag="008">970609n| azannaabn          |n aaa     c</controlfield>
  <datafield tag="010" ind1=" " ind2=" ">
    <subfield code="a">no 97034910 </subfield>
  </datafield>
  <datafield tag="035" ind1=" " ind2=" ">
    <subfield code="a">(OCoLC)oca04358127</subfield>
  </datafield>
  <datafield tag="040" ind1=" " ind2=" ">
    <subfield code="a">VtMiM-Mu</subfield>
    <subfield code="b">eng</subfield>
    <subfield code="e">rda</subfield>
    <subfield code="c">VtMiM-Mu</subfield>
    <subfield code="d">DLC</subfield>
    <subfield code="d">WU</subfield>
  </datafield>
  <datafield tag="100" ind1="1" ind2=" ">
    <subfield code="a">Slonimskiǐ, Sergeǐ Mikhaǐlovich.</subfield>
    <subfield code="t">Sonatas,</subfield>
    <subfield code="m">violin</subfield>
  </datafield>
  <datafield tag="382" ind1=" " ind2=" ">
    <subfield code="a">violin</subfield>
  </datafield>
  <datafield tag="670" ind1=" " ind2=" ">
    <subfield code="a">Slonimskiǐ, S. Sonata dli︠a︡ skripki solo, 1996</subfield>
  </datafield>
  <datafield tag="670" ind1=" " ind2=" ">
    <subfield code="a">New Grove</subfield>
    <subfield code="b">(Vn Sonata, 1961)</subfield>
  </datafield>
  <datafield tag="953" ind1=" " ind2=" ">
    <subfield code="a">xx00</subfield>
    <subfield code="b">vk03</subfield>
  </datafield>
  <datafield tag="985" ind1=" " ind2=" ">
    <subfield code="c">OCLC</subfield>
    <subfield code="e">LSPC</subfield>
  </datafield>
</record>