
<record>
  <leader>01521cz  a2200349n  4500</leader>
  <controlfield tag="001">3660574</controlfield>
  <controlfield tag="003">DLC</controlfield>
  <controlfield tag="005">20200104073442.0</controlfield>
  <controlfield tag="008">970709nc azannaabn          |b aaa     c</controlfield>
  <datafield tag="010" ind1=" " ind2=" ">
    <subfield code="a">no 97041050 </subfield>
  </datafield>
  <datafield tag="035" ind1=" " ind2=" ">
    <subfield code="a">(OCoLC)oca04381305</subfield>
  </datafield>
  <datafield tag="040" ind1=" " ind2=" ">
    <subfield code="a">CLU</subfield>
    <subfield code="b">eng</subfield>
    <subfield code="e">rda</subfield>
    <subfield code="c">CLU</subfield>
    <subfield code="d">OCoLC</subfield>
    <subfield code="d">HkUST</subfield>
    <subfield code="d">DLC</subfield>
    <subfield code="d">MH</subfield>
  </datafield>
  <datafield tag="046" ind1=" " ind2=" ">
    <subfield code="f">1565</subfield>
  </datafield>
  <datafield tag="100" ind1="1" ind2=" ">
    <subfield code="a">Tang, Ruxun,</subfield>
    <subfield code="d">1565-</subfield>
  </datafield>
  <datafield tag="400" ind1="1" ind2=" ">
    <subfield code="a">Tʻang, Chung-yen,</subfield>
    <subfield code="d">1565-</subfield>
  </datafield>
  <datafield tag="400" ind1="1" ind2=" ">
    <subfield code="w">nnea</subfield>
    <subfield code="a">Tʻang, Ju-hsün,</subfield>
    <subfield code="d">b. 1565</subfield>
  </datafield>
  <datafield tag="400" ind1="1" ind2=" ">
    <subfield code="w">nnea</subfield>
    <subfield code="a">Tang, Ruxun,</subfield>
    <subfield code="d">b. 1565</subfield>
  </datafield>
  <datafield tag="400" ind1="1" ind2=" ">
    <subfield code="a">Tang, Zhongyan,</subfield>
    <subfield code="d">1565-</subfield>
  </datafield>
  <datafield tag="400" ind1="0" ind2=" ">
    <subfield code="a">Youyangshanren,</subfield>
    <subfield code="d">1565-</subfield>
  </datafield>
  <datafield tag="400" ind1="1" ind2=" ">
    <subfield code="a">唐仲言,</subfield>
    <subfield code="d">1565-</subfield>
  </datafield>
  <datafield tag="400" ind1="1" ind2=" ">
    <subfield code="a">唐汝詢,</subfield>
    <subfield code="d">1565-</subfield>
  </datafield>
  <datafield tag="400" ind1="1" ind2=" ">
    <subfield code="a">唐汝询,</subfield>
    <subfield code="d">1565-</subfield>
  </datafield>
  <datafield tag="400" ind1="0" ind2=" ">
    <subfield code="a">酉陽山人,</subfield>
    <subfield code="d">1565-</subfield>
  </datafield>
  <datafield tag="667" ind1=" " ind2=" ">
    <subfield code="a">Machine-derived non-Latin script reference project.</subfield>
  </datafield>
  <datafield tag="667" ind1=" " ind2=" ">
    <subfield code="a">Non-Latin script references not evaluated.</subfield>
  </datafield>
  <datafield tag="667" ind1=" " ind2=" ">
    <subfield code="a">Non-Latin script references reviewed in NACO CJK Funnel References Project.</subfield>
  </datafield>
  <datafield tag="670" ind1=" " ind2=" ">
    <subfield code="a">His Tʻang shih chieh, between 1615 and 1619</subfield>
    <subfield code="b">v. 1, t.p. (唐汝詢 = Tʻang Ju-hsün, 仲言 = Chung-yen)</subfield>
  </datafield>
  <datafield tag="670" ind1=" " ind2=" ">
    <subfield code="a">Ming Qing Jiangsu wen ren nian biao, 1986:</subfield>
    <subfield code="b">p. 276 (唐汝詢仲言 = Tang Ruxun Zhongyan; b. 1565) p. 443 (pub. Bian peng hou ji, 1618)</subfield>
  </datafield>
  <datafield tag="670" ind1=" " ind2=" ">
    <subfield code="a">Youyangshanren bian peng ji [in Si ku quan shu cun mu cong shu. Ji bu, v. 192], 1997:</subfield>
    <subfield code="b">t.p. (唐汝詢 = Tang Ruxun; 酉陽山人 = Youyangshanren)</subfield>
  </datafield>
  <datafield tag="670" ind1=" " ind2=" ">
    <subfield code="a">OCLC #651607267, November 19, 2019</subfield>
    <subfield code="b">(access point: 唐汝詢, 1565- = Tang, Ruxun, 1565-; usage: 唐汝詢 = Tang Ruxun)</subfield>
  </datafield>
  <datafield tag="953" ind1=" " ind2=" ">
    <subfield code="a">xx00</subfield>
  </datafield>
  <datafield tag="985" ind1=" " ind2=" ">
    <subfield code="c">OCLC</subfield>
    <subfield code="e">LSPC</subfield>
  </datafield>
</record>