
<record>
  <leader>02799cz  a2200277n  4500</leader>
  <controlfield tag="001">3660781</controlfield>
  <controlfield tag="003">DLC</controlfield>
  <controlfield tag="005">20200104073442.0</controlfield>
  <controlfield tag="008">970714n| azannaabn          |a aaa     c</controlfield>
  <datafield tag="010" ind1=" " ind2=" ">
    <subfield code="a">no 97041760 </subfield>
  </datafield>
  <datafield tag="035" ind1=" " ind2=" ">
    <subfield code="a">(OCoLC)oca04385031</subfield>
  </datafield>
  <datafield tag="040" ind1=" " ind2=" ">
    <subfield code="a">RPB</subfield>
    <subfield code="b">eng</subfield>
    <subfield code="e">rda</subfield>
    <subfield code="c">RPB</subfield>
    <subfield code="d">OU</subfield>
  </datafield>
  <datafield tag="046" ind1=" " ind2=" ">
    <subfield code="f">1900</subfield>
    <subfield code="g">1970</subfield>
    <subfield code="2">edtf</subfield>
  </datafield>
  <datafield tag="100" ind1="1" ind2=" ">
    <subfield code="a">Locher, Th. J. G.</subfield>
    <subfield code="q">(Theodor Jakob Gottlieb),</subfield>
    <subfield code="d">1900-1970</subfield>
  </datafield>
  <datafield tag="370" ind1=" " ind2=" ">
    <subfield code="c">Netherlands</subfield>
    <subfield code="2">naf</subfield>
  </datafield>
  <datafield tag="374" ind1=" " ind2=" ">
    <subfield code="a">Historians</subfield>
    <subfield code="2">lcsh</subfield>
  </datafield>
  <datafield tag="375" ind1=" " ind2=" ">
    <subfield code="a">Males</subfield>
    <subfield code="2">lcdgt</subfield>
  </datafield>
  <datafield tag="378" ind1=" " ind2=" ">
    <subfield code="q">Theodor Jakob Gottlieb</subfield>
  </datafield>
  <datafield tag="400" ind1="1" ind2=" ">
    <subfield code="a">Locher, Theodor Jakob Gottlieb,</subfield>
    <subfield code="d">1900-1970</subfield>
  </datafield>
  <datafield tag="670" ind1=" " ind2=" ">
    <subfield code="a">Die nationale Differenzierung und Integrierung der Slovaken und Tschechen in ihrem geschichtlichen Verlauf bis 1848, 1931:</subfield>
    <subfield code="b">t.p. (Th.J.G. Locher)</subfield>
  </datafield>
  <datafield tag="670" ind1=" " ind2=" ">
    <subfield code="a">OCLC, June 13, 1997:</subfield>
    <subfield code="b">(hdg.: Locher, Theodor Jakob Gottlieb, 1900- ; usage: Th.J.G. Locher)</subfield>
  </datafield>
  <datafield tag="670" ind1=" " ind2=" ">
    <subfield code="a">National Library of the Czech Republic via VIAF, Jan. 3, 2020</subfield>
    <subfield code="b">(born: 1900; died: 1970; preferred: Locher, Th. J. G., 1900-1970; variant: Locher, Th. J. G.; Locher, J. G.; Locher, Theo; Locher, Theodor Jakob Gottlieb; country: Nizozemsko; field of activity: dějiny; occupation: historici; gender: muž; lang. code: dut, ger; biographical/historical: Nizozemský historik.)</subfield>
    <subfield code="u">http://www.viaf.org/processed/NKC%7Cuk2015881692</subfield>
  </datafield>
  <datafield tag="670" ind1=" " ind2=" ">
    <subfield code="a">National Library of the Netherlands via VIAF, Jan. 3, 2020</subfield>
    <subfield code="b">(identifier: 0000000043901467; preferred: Locher, Th.J.G. (Theodor Jakob Gottlieb), 1900-1970; field of activity: Tsjechoslowakije., Toynbee, Arnold (Arnold Joseph), 1889-1975., Rusland., Nikon, patriarch, is Nikita Minov, 1605-1681, Witsen, Nicolaes (Nicolaes Cornelisz.), 1641-1717., Het Westen., Petr I Velikij, tsaar van Rusland, 1672-1725, Duitsland., Huizinga, J. (Johan), 1872-1945., Nederland., Sovjet-Unie., Moskou (stad), Europa.; variant: Locher, Theo; related: Brandt, C.D.J. (Coenraad Dirk Jan), 1897-1966., Hugenholtz, F.W.N. (Frederik Willem Nicolaas), 1922-1999, Krofta, Kamil, 1876-1945., Pot, J.H.J. van der (Johan Hendrik Jacob), 1918-1999., Reve, Karel van het, 1921-1999., Vries, E. de; note: historicus en indoloog (studeerde indologie en t/m 1927 geschiedenis RU Leiden; promoveerde in 1931, in geschiedenis, aldaar); van 1946-1970, werkzaam als: hoogleraar Algemene geschiedenis (m.n. Oost-Europa) RU Leiden)</subfield>
    <subfield code="u">http://www.viaf.org/processed/NTA%7C068109768</subfield>
  </datafield>
  <datafield tag="670" ind1=" " ind2=" ">
    <subfield code="a">Sudoc [ABES], France via VIAF, Jan. 3, 2020</subfield>
    <subfield code="b">(time period: d1900 d1970; preferred: Locher, Theodor Jakob Gottlieb, 1900-1970; field of activity: Nikon, (1605-1681)., Witsen, Nicolaes, (1641-1717)., Peter I (Emperor of Russia ;, 1672-1725)., Russia., Pierre I (empereur de Russie ;, 1672-1725).; related: Witsen, Nicolaes, (1641-1717).; biographical/historical: Historien)</subfield>
    <subfield code="u">http://www.viaf.org/processed/SUDOC%7C139432787</subfield>
  </datafield>
  <datafield tag="953" ind1=" " ind2=" ">
    <subfield code="a">xx00</subfield>
  </datafield>
  <datafield tag="985" ind1=" " ind2=" ">
    <subfield code="c">OCLC</subfield>
    <subfield code="e">LSPC</subfield>
  </datafield>
</record>