
<record>
  <leader>01965cz  a2200325n  4500</leader>
  <controlfield tag="001">3722367</controlfield>
  <controlfield tag="003">DLC</controlfield>
  <controlfield tag="005">20200104073429.0</controlfield>
  <controlfield tag="008">990701n| azannaabn          |b aaa     c</controlfield>
  <datafield tag="010" ind1=" " ind2=" ">
    <subfield code="a">no 99047010 </subfield>
  </datafield>
  <datafield tag="035" ind1=" " ind2=" ">
    <subfield code="a">(OCoLC)oca05018752</subfield>
  </datafield>
  <datafield tag="040" ind1=" " ind2=" ">
    <subfield code="a">OOC</subfield>
    <subfield code="b">eng</subfield>
    <subfield code="e">rda</subfield>
    <subfield code="c">OOC</subfield>
    <subfield code="d">OCoLC</subfield>
    <subfield code="d">MdU-Mu</subfield>
    <subfield code="d">MH</subfield>
  </datafield>
  <datafield tag="100" ind1="1" ind2=" ">
    <subfield code="a">Tang, Muhai,</subfield>
    <subfield code="d">1949-</subfield>
  </datafield>
  <datafield tag="370" ind1=" " ind2=" ">
    <subfield code="a">Shanghai (China)</subfield>
    <subfield code="c">China</subfield>
    <subfield code="2">naf</subfield>
  </datafield>
  <datafield tag="373" ind1=" " ind2=" ">
    <subfield code="a">Orquestra Gulbenkian</subfield>
    <subfield code="a">Koninklijk Filharmonisch Orkest van Vlaanderen</subfield>
    <subfield code="a">Queensland Symphony Orchestra</subfield>
    <subfield code="a">Suomen kansallisooppera</subfield>
    <subfield code="a">Zürcher Kammerorchester</subfield>
    <subfield code="a">Beogradska filharmonija</subfield>
    <subfield code="2">naf</subfield>
  </datafield>
  <datafield tag="374" ind1=" " ind2=" ">
    <subfield code="a">Conductors (Music)</subfield>
    <subfield code="2">lcsh</subfield>
  </datafield>
  <datafield tag="375" ind1=" " ind2=" ">
    <subfield code="a">male</subfield>
  </datafield>
  <datafield tag="400" ind1="1" ind2=" ">
    <subfield code="a">汤沐海,</subfield>
    <subfield code="d">1949-</subfield>
  </datafield>
  <datafield tag="400" ind1="1" ind2=" ">
    <subfield code="a">湯沐海,</subfield>
    <subfield code="d">1949-</subfield>
  </datafield>
  <datafield tag="400" ind1="1" ind2=" ">
    <subfield code="a">Tang, Mu-Hai,</subfield>
    <subfield code="d">1949-</subfield>
  </datafield>
  <datafield tag="667" ind1=" " ind2=" ">
    <subfield code="a">Machine-derived non-Latin script reference project.</subfield>
  </datafield>
  <datafield tag="667" ind1=" " ind2=" ">
    <subfield code="a">Non-Latin script references not evaluated.</subfield>
  </datafield>
  <datafield tag="667" ind1=" " ind2=" ">
    <subfield code="a">Non-Latin script references reviewed in NACO CJK Funnel References Project.</subfield>
  </datafield>
  <datafield tag="670" ind1=" " ind2=" ">
    <subfield code="a">Halffter, E. Rapsodia portuguesa [SR] p1998:</subfield>
    <subfield code="b">label (Muhai Tang; conductor) insert (b. Shanghai)</subfield>
  </datafield>
  <datafield tag="670" ind1=" " ind2=" ">
    <subfield code="a">Int. ww in mus., 16th ed.</subfield>
    <subfield code="b">(Tang, Muhai; b. July 10, 1949, Shanghai, China; conductor)</subfield>
  </datafield>
  <datafield tag="670" ind1=" " ind2=" ">
    <subfield code="a">The Yellow River piano concerto, 1990:</subfield>
    <subfield code="b">insert (Tang Mu-Hai; Chinese conductor; male)</subfield>
  </datafield>
  <datafield tag="670" ind1=" " ind2=" ">
    <subfield code="a">Wikipedia, December 10, 2014</subfield>
    <subfield code="b">(Muhai Tang; born 1949, Shanghai; chief conductor of the Gulbenkian Orchestra in Lisbon, 1988-2001; chief conductor of DePhilharmonie (Royal Philharmonic Orchestra of Flanders), 1991-1995; chief conductor and later conductor laureate of the Queensland Symphony Orchestra; Chief Conductor of the Finnish National Opera, 2003-2006; artistic director and principal conductor of the Zürcher Kammerorchester, 2006-2011; became chief conductor of the Belgrade Philharmonic Orchestra in 2010)</subfield>
  </datafield>
  <datafield tag="670" ind1=" " ind2=" ">
    <subfield code="a">OCLC #1012823044, November 18, 2019</subfield>
    <subfield code="b">(access point: 汤沐海, 1949- = Tang, Muhai, 1949-; usage: 汤沐海 = Tang Muhai)</subfield>
  </datafield>
  <datafield tag="953" ind1=" " ind2=" ">
    <subfield code="a">xx00</subfield>
  </datafield>
  <datafield tag="985" ind1=" " ind2=" ">
    <subfield code="c">OCLC</subfield>
    <subfield code="e">LSPC</subfield>
  </datafield>
</record>