
<record>
  <leader>02243cz  a2200517n  4500</leader>
  <controlfield tag="001">3727452</controlfield>
  <controlfield tag="003">DLC</controlfield>
  <controlfield tag="005">20200104073342.0</controlfield>
  <controlfield tag="008">800317n| azannaabn          |b aaa      </controlfield>
  <datafield tag="010" ind1=" " ind2=" ">
    <subfield code="a">n  50005213 </subfield>
  </datafield>
  <datafield tag="035" ind1=" " ind2=" ">
    <subfield code="a">(OCoLC)oca00040781</subfield>
  </datafield>
  <datafield tag="040" ind1=" " ind2=" ">
    <subfield code="a">DLC</subfield>
    <subfield code="b">eng</subfield>
    <subfield code="e">rda</subfield>
    <subfield code="c">DLC</subfield>
    <subfield code="d">DLC</subfield>
    <subfield code="d">CLU</subfield>
    <subfield code="d">DLC</subfield>
    <subfield code="d">OCoLC</subfield>
    <subfield code="d">DLC</subfield>
    <subfield code="d">HkUST</subfield>
    <subfield code="d">IEN</subfield>
    <subfield code="d">DcWaGWGG</subfield>
  </datafield>
  <datafield tag="046" ind1=" " ind2=" ">
    <subfield code="f">1886</subfield>
    <subfield code="g">1944-12-22</subfield>
    <subfield code="2">edtf</subfield>
  </datafield>
  <datafield tag="053" ind1=" " ind2="0">
    <subfield code="a">PS1536.D33</subfield>
  </datafield>
  <datafield tag="100" ind1="0" ind2=" ">
    <subfield code="a">Der Ling,</subfield>
    <subfield code="c">Princess</subfield>
  </datafield>
  <datafield tag="370" ind1=" " ind2=" ">
    <subfield code="b">Canada</subfield>
    <subfield code="c">China</subfield>
    <subfield code="2">naf</subfield>
  </datafield>
  <datafield tag="375" ind1=" " ind2=" ">
    <subfield code="a">Females</subfield>
    <subfield code="2">lcdgt</subfield>
  </datafield>
  <datafield tag="377" ind1=" " ind2=" ">
    <subfield code="a">eng</subfield>
  </datafield>
  <datafield tag="400" ind1="0" ind2=" ">
    <subfield code="a">Deling,</subfield>
    <subfield code="c">Princess</subfield>
  </datafield>
  <datafield tag="400" ind1="0" ind2=" ">
    <subfield code="a">Te-ling,</subfield>
    <subfield code="c">Princess</subfield>
  </datafield>
  <datafield tag="400" ind1="0" ind2=" ">
    <subfield code="a">德齡,</subfield>
    <subfield code="c">princess</subfield>
  </datafield>
  <datafield tag="400" ind1="0" ind2=" ">
    <subfield code="a">德齢,</subfield>
    <subfield code="c">Princess</subfield>
  </datafield>
  <datafield tag="400" ind1="0" ind2=" ">
    <subfield code="a">德龄,</subfield>
    <subfield code="c">Princess</subfield>
  </datafield>
  <datafield tag="400" ind1="0" ind2=" ">
    <subfield code="a">德菱,</subfield>
    <subfield code="c">Princess</subfield>
  </datafield>
  <datafield tag="400" ind1="0" ind2=" ">
    <subfield code="a">Deling gong zhu,</subfield>
    <subfield code="c">Princess</subfield>
  </datafield>
  <datafield tag="400" ind1="0" ind2=" ">
    <subfield code="a">Te-ling kung chu,</subfield>
    <subfield code="c">Princess</subfield>
  </datafield>
  <datafield tag="400" ind1="0" ind2=" ">
    <subfield code="a">德齡公主,</subfield>
    <subfield code="c">Princess</subfield>
  </datafield>
  <datafield tag="400" ind1="0" ind2=" ">
    <subfield code="a">Deling jun zhu,</subfield>
    <subfield code="c">Princess</subfield>
  </datafield>
  <datafield tag="400" ind1="0" ind2=" ">
    <subfield code="a">Te-ling chün chu,</subfield>
    <subfield code="c">Princess</subfield>
  </datafield>
  <datafield tag="400" ind1="0" ind2=" ">
    <subfield code="a">德齡郡主,</subfield>
    <subfield code="c">Princess</subfield>
  </datafield>
  <datafield tag="400" ind1="1" ind2=" ">
    <subfield code="a">Yu, Deling,</subfield>
    <subfield code="c">Princess</subfield>
  </datafield>
  <datafield tag="400" ind1="1" ind2=" ">
    <subfield code="a">裕德龄,</subfield>
    <subfield code="c">Princess</subfield>
  </datafield>
  <datafield tag="400" ind1="0" ind2=" ">
    <subfield code="a">德菱公主,</subfield>
    <subfield code="c">Princess</subfield>
  </datafield>
  <datafield tag="667" ind1=" " ind2=" ">
    <subfield code="a">Machine-derived non-Latin script reference project.</subfield>
  </datafield>
  <datafield tag="667" ind1=" " ind2=" ">
    <subfield code="a">Non-Latin script references not evaluated.</subfield>
  </datafield>
  <datafield tag="667" ind1=" " ind2=" ">
    <subfield code="a">Non-Latin script references reviewed in NACO CJK Funnel References Project.</subfield>
  </datafield>
  <datafield tag="670" ind1=" " ind2=" ">
    <subfield code="a">Her Two years in The Forbidden City, 1911.</subfield>
  </datafield>
  <datafield tag="670" ind1=" " ind2=" ">
    <subfield code="a">Her Kuang-hsü mi chi, 1980:</subfield>
    <subfield code="b">t.p. (德齡郡主 = Te-ling chün chu)</subfield>
  </datafield>
  <datafield tag="670" ind1=" " ind2=" ">
    <subfield code="a">Jin chu Zi jin cheng, 2002:</subfield>
    <subfield code="b">t.p. (裕德齡 = Yu Deling)</subfield>
  </datafield>
  <datafield tag="670" ind1=" " ind2=" ">
    <subfield code="a">Deling gong zhu hui yi lu, 2007:</subfield>
    <subfield code="b">cover flap (Yu Deling = 裕德龄 [generally known as Princess Deling, Yu is her surname]; 1886-1944; killed in a car accident on December 22, 1944 in Canada)</subfield>
  </datafield>
  <datafield tag="670" ind1=" " ind2=" ">
    <subfield code="a">Information from 678 field, converted April 23, 2014</subfield>
    <subfield code="b">(1885-1944)</subfield>
  </datafield>
  <datafield tag="670" ind1=" " ind2=" ">
    <subfield code="a">OCLC #21039680, Dec. 26, 2019</subfield>
    <subfield code="b">(access point: 德菱公主, Princess = Der Ling, Princess; usage: 德菱公主 = Deling gong zhu)</subfield>
  </datafield>
  <datafield tag="670" ind1=" " ind2=" ">
    <subfield code="a">OCLC #855878410, Dec. 26, 2019</subfield>
    <subfield code="b">(access point: 德齡公主 = Der Ling, Princess; usage: 德齡公主 = Deling gong zhu)</subfield>
  </datafield>
  <datafield tag="670" ind1=" " ind2=" ">
    <subfield code="a">OCLC #51018654, Dec. 26, 2019</subfield>
    <subfield code="b">(access point: 德菱, Princess = Der Ling, Princess; usage: 德菱 = Deling)</subfield>
  </datafield>
  <datafield tag="952" ind1=" " ind2=" ">
    <subfield code="a">RETRO</subfield>
  </datafield>
  <datafield tag="953" ind1=" " ind2=" ">
    <subfield code="a">xx00</subfield>
    <subfield code="b">cc11</subfield>
  </datafield>
</record>