
<record>
  <leader>01185cz  a2200253n  4500</leader>
  <controlfield tag="001">3728578</controlfield>
  <controlfield tag="003">DLC</controlfield>
  <controlfield tag="005">20200104073345.0</controlfield>
  <controlfield tag="008">800709n| azannaabn          |n aaa      </controlfield>
  <datafield tag="010" ind1=" " ind2=" ">
    <subfield code="a">n  50016723 </subfield>
  </datafield>
  <datafield tag="035" ind1=" " ind2=" ">
    <subfield code="a">(OCoLC)oca00052176</subfield>
  </datafield>
  <datafield tag="040" ind1=" " ind2=" ">
    <subfield code="a">DLC</subfield>
    <subfield code="b">eng</subfield>
    <subfield code="e">rda</subfield>
    <subfield code="c">DLC</subfield>
    <subfield code="d">OCoLC</subfield>
    <subfield code="d">DLC</subfield>
    <subfield code="d">MoSU</subfield>
  </datafield>
  <datafield tag="046" ind1=" " ind2=" ">
    <subfield code="f">1913-02-04</subfield>
    <subfield code="g">1999-08-17</subfield>
    <subfield code="2">edtf</subfield>
  </datafield>
  <datafield tag="100" ind1="1" ind2=" ">
    <subfield code="a">Gambari, Elio</subfield>
  </datafield>
  <datafield tag="370" ind1=" " ind2=" ">
    <subfield code="a">Tolè (Italy)</subfield>
    <subfield code="c">Italy</subfield>
    <subfield code="2">naf</subfield>
  </datafield>
  <datafield tag="370" ind1=" " ind2=" ">
    <subfield code="b">Redona (Bergamo, Italy)</subfield>
  </datafield>
  <datafield tag="373" ind1=" " ind2=" ">
    <subfield code="a">Montfort Fathers</subfield>
    <subfield code="2">naf</subfield>
    <subfield code="s">1931</subfield>
    <subfield code="t">1999</subfield>
  </datafield>
  <datafield tag="374" ind1=" " ind2=" ">
    <subfield code="a">Priests</subfield>
    <subfield code="2">lcsh</subfield>
    <subfield code="s">1937-02-30</subfield>
    <subfield code="t">1999-08-17</subfield>
  </datafield>
  <datafield tag="377" ind1=" " ind2=" ">
    <subfield code="a">ita</subfield>
  </datafield>
  <datafield tag="670" ind1=" " ind2=" ">
    <subfield code="a">The religious-apostolic formation of sisters, 1964.</subfield>
  </datafield>
  <datafield tag="670" ind1=" " ind2=" ">
    <subfield code="a">Il rinnovamento nella vita religiosa : principi generali, costituzioni, formazioni, 1967:</subfield>
    <subfield code="b">title page (Elio Gambari)</subfield>
  </datafield>
  <datafield tag="670" ind1=" " ind2=" ">
    <subfield code="a">monfortani.it website, viewed January 3, 2020</subfield>
    <subfield code="b">(P. Elio Gambari (1913-1999); Elio Gambari; born February 4, 1913, in Tolé di Vergato (Bologna); died August 17, 1999, in Redona (Bergamo); entered the Montfort Fathers (Societas Mariae Montfortana, or S.M.M.) in 1931; ordained to the Catholic priesthood on February 20, 1937)</subfield>
    <subfield code="u">http://www.monfortani.it/p_elio_gambari_1913-1999.html</subfield>
  </datafield>
  <datafield tag="952" ind1=" " ind2=" ">
    <subfield code="a">RETRO</subfield>
  </datafield>
  <datafield tag="953" ind1=" " ind2=" ">
    <subfield code="a">xx00</subfield>
  </datafield>
</record>