
<record>
  <leader>01768cz  a2200325n  4500</leader>
  <controlfield tag="001">3738929</controlfield>
  <controlfield tag="003">DLC</controlfield>
  <controlfield tag="005">20200104073431.0</controlfield>
  <controlfield tag="008">780424n| azannaabn          |a aaa      </controlfield>
  <datafield tag="010" ind1=" " ind2=" ">
    <subfield code="a">n  78021413 </subfield>
    <subfield code="z">n  99802377 </subfield>
  </datafield>
  <datafield tag="035" ind1=" " ind2=" ">
    <subfield code="a">(OCoLC)oca00157778</subfield>
  </datafield>
  <datafield tag="040" ind1=" " ind2=" ">
    <subfield code="a">DLC</subfield>
    <subfield code="b">eng</subfield>
    <subfield code="e">rda</subfield>
    <subfield code="c">DLC</subfield>
    <subfield code="d">CoU</subfield>
    <subfield code="d">WU</subfield>
    <subfield code="d">DLC</subfield>
    <subfield code="d">MoSU</subfield>
  </datafield>
  <datafield tag="046" ind1=" " ind2=" ">
    <subfield code="f">1946-04-29</subfield>
    <subfield code="2">edtf</subfield>
  </datafield>
  <datafield tag="100" ind1="1" ind2=" ">
    <subfield code="a">Ewald, François</subfield>
  </datafield>
  <datafield tag="370" ind1=" " ind2=" ">
    <subfield code="a">Boulogne-Billancourt (France)</subfield>
    <subfield code="c">France</subfield>
    <subfield code="f">Paris (France)</subfield>
    <subfield code="2">naf</subfield>
  </datafield>
  <datafield tag="372" ind1=" " ind2=" ">
    <subfield code="a">Risk</subfield>
    <subfield code="2">lcsh</subfield>
  </datafield>
  <datafield tag="373" ind1=" " ind2=" ">
    <subfield code="a">Conservatoire national des arts et métiers (France)</subfield>
    <subfield code="2">naf</subfield>
  </datafield>
  <datafield tag="373" ind1=" " ind2=" ">
    <subfield code="a">Fédération française des sociétés d&apos;assurances</subfield>
    <subfield code="2">naf</subfield>
  </datafield>
  <datafield tag="374" ind1=" " ind2=" ">
    <subfield code="a">Philosophers</subfield>
    <subfield code="a">College teachers</subfield>
    <subfield code="2">lcsh</subfield>
  </datafield>
  <datafield tag="375" ind1=" " ind2=" ">
    <subfield code="a">Males</subfield>
    <subfield code="2">lcdgt</subfield>
  </datafield>
  <datafield tag="377" ind1=" " ind2=" ">
    <subfield code="a">fre</subfield>
  </datafield>
  <datafield tag="400" ind1="1" ind2=" ">
    <subfield code="a">Evalds, Fransuā</subfield>
  </datafield>
  <datafield tag="400" ind1="1" ind2=" ">
    <subfield code="a">Ewald, F.</subfield>
    <subfield code="q">(François)</subfield>
  </datafield>
  <datafield tag="670" ind1=" " ind2=" ">
    <subfield code="a">Parole d&apos;ouvrier, 1978:</subfield>
    <subfield code="b">title page (François Ewald) cover (professor, Bruay-en-Artois)</subfield>
  </datafield>
  <datafield tag="670" ind1=" " ind2=" ">
    <subfield code="a">L&apos;école des esclaves, 1983:</subfield>
    <subfield code="b">title page (Ewald)</subfield>
  </datafield>
  <datafield tag="670" ind1=" " ind2=" ">
    <subfield code="a">Der Vorsorgestaat, 1993:</subfield>
    <subfield code="b">title page (Frano̧is Ewald) page 2 (born 1946)</subfield>
  </datafield>
  <datafield tag="670" ind1=" " ind2=" ">
    <subfield code="a">Parīzes intervijas, 1993:</subfield>
    <subfield code="b">title page (Fransuā Evalda)</subfield>
  </datafield>
  <datafield tag="670" ind1=" " ind2=" ">
    <subfield code="a">McGleenan, T. Genetics and insurance, 1999:</subfield>
    <subfield code="b">CIP title page (F. Ewald, Fédération française des sociétés d&apos;assurances, France)</subfield>
  </datafield>
  <datafield tag="670" ind1=" " ind2=" ">
    <subfield code="a">French Wikipedia, viewed January 3, 2020</subfield>
    <subfield code="b">(François Ewald; born April 29, 1946, in Boulogne-Billancourt; French intellectual; a philosopher by training, he served as assistant to Michel Foucault at the Collège de France; he was an adviser with the Fédération française des sociétés d&apos;assurances; he taught at the Conservatoire national des arts et métiers; research interest: the politics of risk)</subfield>
  </datafield>
  <datafield tag="675" ind1=" " ind2=" ">
    <subfield code="a">WW in France, 1979-1980;</subfield>
    <subfield code="a">Bibl. de la France, 1982-1983.</subfield>
  </datafield>
</record>