
<record>
  <leader>00817cz  a2200181n  4500</leader>
  <controlfield tag="001">3740892</controlfield>
  <controlfield tag="003">DLC</controlfield>
  <controlfield tag="005">20200104073431.0</controlfield>
  <controlfield tag="008">780713n| azannaabn          |a ana      </controlfield>
  <datafield tag="010" ind1=" " ind2=" ">
    <subfield code="a">n  78041773 </subfield>
  </datafield>
  <datafield tag="035" ind1=" " ind2=" ">
    <subfield code="a">(OCoLC)oca00177713</subfield>
  </datafield>
  <datafield tag="040" ind1=" " ind2=" ">
    <subfield code="a">DLC</subfield>
    <subfield code="b">eng</subfield>
    <subfield code="e">rda</subfield>
    <subfield code="c">DLC</subfield>
    <subfield code="d">OCoLC</subfield>
    <subfield code="d">DLC</subfield>
    <subfield code="d">ABAU</subfield>
    <subfield code="d">CU</subfield>
  </datafield>
  <datafield tag="110" ind1="1" ind2=" ">
    <subfield code="a">United States.</subfield>
    <subfield code="b">Energy Information Administration.</subfield>
    <subfield code="b">Division of Consumption Data Studies</subfield>
  </datafield>
  <datafield tag="370" ind1=" " ind2=" ">
    <subfield code="e">Washington (D.C)</subfield>
    <subfield code="2">naf</subfield>
  </datafield>
  <datafield tag="372" ind1=" " ind2=" ">
    <subfield code="a">Energy consumption--United States--Statistics--Research</subfield>
    <subfield code="2">lcsh</subfield>
  </datafield>
  <datafield tag="410" ind1="1" ind2=" ">
    <subfield code="a">United States.</subfield>
    <subfield code="b">Department of Energy.</subfield>
    <subfield code="b">Energy Information Administration.</subfield>
    <subfield code="b">Division of Consumption Data Studies</subfield>
  </datafield>
  <datafield tag="670" ind1=" " ind2=" ">
    <subfield code="a">Its Federal energy data system ... 1978:</subfield>
    <subfield code="b">t.p. (U.S. Department of Energy, Energy Information Administration, Division of Consumption Data Studies, Washington, D.C.)</subfield>
  </datafield>
  <datafield tag="953" ind1=" " ind2=" ">
    <subfield code="a">ba19</subfield>
  </datafield>
</record>