
<record>
  <leader>00938cz  a2200241n  4500</leader>
  <controlfield tag="001">3744178</controlfield>
  <controlfield tag="003">DLC</controlfield>
  <controlfield tag="005">20200104073433.0</controlfield>
  <controlfield tag="008">781016n| azannaabn          |a aaa      </controlfield>
  <datafield tag="010" ind1=" " ind2=" ">
    <subfield code="a">n  78075993 </subfield>
  </datafield>
  <datafield tag="024" ind1="7" ind2=" ">
    <subfield code="a">48024901</subfield>
    <subfield code="2">viaf</subfield>
  </datafield>
  <datafield tag="035" ind1=" " ind2=" ">
    <subfield code="a">(OCoLC)oca00211382</subfield>
  </datafield>
  <datafield tag="040" ind1=" " ind2=" ">
    <subfield code="a">DLC</subfield>
    <subfield code="b">eng</subfield>
    <subfield code="e">rda</subfield>
    <subfield code="c">DLC</subfield>
    <subfield code="d">OCoLC</subfield>
    <subfield code="d">DLC</subfield>
    <subfield code="d">NNU</subfield>
  </datafield>
  <datafield tag="046" ind1=" " ind2=" ">
    <subfield code="f">1952</subfield>
    <subfield code="2">edtf</subfield>
  </datafield>
  <datafield tag="100" ind1="1" ind2=" ">
    <subfield code="a">Siracusano, Giovanni,</subfield>
    <subfield code="d">1952-</subfield>
  </datafield>
  <datafield tag="370" ind1=" " ind2=" ">
    <subfield code="a">Italy</subfield>
    <subfield code="2">naf</subfield>
  </datafield>
  <datafield tag="372" ind1=" " ind2=" ">
    <subfield code="a">Animal remains (Archaeology)</subfield>
    <subfield code="2">lcsh</subfield>
  </datafield>
  <datafield tag="400" ind1="1" ind2=" ">
    <subfield code="w">nnea</subfield>
    <subfield code="a">Siracusano, Giovanni</subfield>
  </datafield>
  <datafield tag="670" ind1=" " ind2=" ">
    <subfield code="a">Caione, D. A quattro zampe, 1978 (a.e.)</subfield>
    <subfield code="b">t.p. (Giovanni Siracusano)</subfield>
  </datafield>
  <datafield tag="670" ind1=" " ind2=" ">
    <subfield code="a">Kiel University webpage, viewed January 3, 2020:</subfield>
    <subfield code="b">(Giovanni Siracusano, b. 1952 in Italy, author of A quattro zampe, associated doctoral student at University of Kiel, archaeozoologist)</subfield>
    <subfield code="u">http://www.gshdl.uni-kiel.de/the-graduate-school/people/?pid=120</subfield>
  </datafield>
  <datafield tag="672" ind1=" " ind2="0">
    <subfield code="a">A quattro zampe</subfield>
  </datafield>
  <datafield tag="672" ind1=" " ind2="0">
    <subfield code="a">Chalcolithic at Mersin-Yumuktepe</subfield>
  </datafield>
  <datafield tag="953" ind1=" " ind2=" ">
    <subfield code="a">ef08</subfield>
  </datafield>
</record>