
<record>
  <leader>00883cz  a2200229n  4500</leader>
  <controlfield tag="001">3772350</controlfield>
  <controlfield tag="003">DLC</controlfield>
  <controlfield tag="005">20200104073400.0</controlfield>
  <controlfield tag="008">800922n| azannaabn          |a aaa      </controlfield>
  <datafield tag="010" ind1=" " ind2=" ">
    <subfield code="a">n  80120383 </subfield>
    <subfield code="z">n  80122179 </subfield>
  </datafield>
  <datafield tag="035" ind1=" " ind2=" ">
    <subfield code="a">(OCoLC)oca00500982</subfield>
  </datafield>
  <datafield tag="040" ind1=" " ind2=" ">
    <subfield code="a">DLC</subfield>
    <subfield code="b">eng</subfield>
    <subfield code="e">rda</subfield>
    <subfield code="c">DLC</subfield>
    <subfield code="d">TxDN-Mu</subfield>
    <subfield code="d">PPi-MA</subfield>
    <subfield code="d">DLC</subfield>
    <subfield code="d">IAhCCS</subfield>
  </datafield>
  <datafield tag="046" ind1=" " ind2=" ">
    <subfield code="f">1946-06-16</subfield>
    <subfield code="2">edtf</subfield>
  </datafield>
  <datafield tag="100" ind1="1" ind2=" ">
    <subfield code="a">Harrell, Tom</subfield>
  </datafield>
  <datafield tag="372" ind1=" " ind2=" ">
    <subfield code="a">Jazz</subfield>
    <subfield code="2">lcsh</subfield>
  </datafield>
  <datafield tag="374" ind1=" " ind2=" ">
    <subfield code="a">Jazz musicians</subfield>
    <subfield code="a">Trumpet players</subfield>
    <subfield code="2">lcsh</subfield>
  </datafield>
  <datafield tag="400" ind1="1" ind2=" ">
    <subfield code="a">Harrell, Thomas Strong</subfield>
  </datafield>
  <datafield tag="510" ind1="2" ind2=" ">
    <subfield code="w">r</subfield>
    <subfield code="i">Corporate body:</subfield>
    <subfield code="a">Ethan Iverson Quartet</subfield>
  </datafield>
  <datafield tag="670" ind1=" " ind2=" ">
    <subfield code="a">Evans, B. We will meet again [SR] p1980 (a.e.)</subfield>
    <subfield code="b">container (Tom Harrell, trumpet)</subfield>
  </datafield>
  <datafield tag="670" ind1=" " ind2=" ">
    <subfield code="a">Harrell, T. Tom Harrell jazz trumpet solos collection, 1998:</subfield>
    <subfield code="b">p. 2 (b. June 16, 1946, Urbana, Ill.)</subfield>
  </datafield>
  <datafield tag="670" ind1=" " ind2=" ">
    <subfield code="a">New Grove dict. of jazz, 2nd ed.</subfield>
    <subfield code="b">(Harrell, Tom (Thomas Strong); b. June 16, 1946, Urbana, IL; trumpeter)</subfield>
  </datafield>
  <datafield tag="953" ind1=" " ind2=" ">
    <subfield code="a">bk19</subfield>
  </datafield>
</record>