
<record>
  <leader>01127cz  a2200229n  4500</leader>
  <controlfield tag="001">3773165</controlfield>
  <controlfield tag="003">DLC</controlfield>
  <controlfield tag="005">20200104073637.0</controlfield>
  <controlfield tag="008">801114n| azannaabn          |n aaa      </controlfield>
  <datafield tag="010" ind1=" " ind2=" ">
    <subfield code="a">n  80128983 </subfield>
  </datafield>
  <datafield tag="035" ind1=" " ind2=" ">
    <subfield code="a">(OCoLC)oca00509381</subfield>
  </datafield>
  <datafield tag="040" ind1=" " ind2=" ">
    <subfield code="a">DLC</subfield>
    <subfield code="b">eng</subfield>
    <subfield code="e">rda</subfield>
    <subfield code="c">DLC</subfield>
    <subfield code="d">OU</subfield>
  </datafield>
  <datafield tag="046" ind1=" " ind2=" ">
    <subfield code="f">1904</subfield>
    <subfield code="g">1991</subfield>
    <subfield code="2">edtf</subfield>
  </datafield>
  <datafield tag="100" ind1="1" ind2=" ">
    <subfield code="a">Schubel, Friedrich,</subfield>
    <subfield code="d">1904-1991</subfield>
  </datafield>
  <datafield tag="370" ind1=" " ind2=" ">
    <subfield code="a">Stettin (Germany)</subfield>
    <subfield code="b">Bad Honnef (Germany)</subfield>
    <subfield code="2">naf</subfield>
  </datafield>
  <datafield tag="372" ind1=" " ind2=" ">
    <subfield code="a">English literature</subfield>
    <subfield code="2">lcsh</subfield>
  </datafield>
  <datafield tag="374" ind1=" " ind2=" ">
    <subfield code="a">Authors</subfield>
    <subfield code="2">lcsh</subfield>
  </datafield>
  <datafield tag="375" ind1=" " ind2=" ">
    <subfield code="a">Males</subfield>
    <subfield code="2">lcdgt</subfield>
  </datafield>
  <datafield tag="670" ind1=" " ind2=" ">
    <subfield code="a">His Die südenglische Legende von den elftausend Jungfrauen, 1938:</subfield>
    <subfield code="b">title page (Friedrich Schubel)</subfield>
  </datafield>
  <datafield tag="670" ind1=" " ind2=" ">
    <subfield code="a">German National Library via VIAF, Jan. 3, 2020</subfield>
    <subfield code="b">(identifier: http://d-nb.info/gnd/11879552X; GAC: XA-DE; other class #: 11.2p sswd, 12.1p sswd; preferred: Schubel, Friedrich 1904-1991; field of activity: Angelsachsen, Beowulf, Grossbritannien; gender: 1; related: Clarke, Arthur C., 1917-2008, Schütte, Karl, 1898-1974, Shakespeare, William, 1564-1616, Thackeray, William Makepeace, 1811-1863, Bad Honnef, Stettin)</subfield>
    <subfield code="u">http://www.viaf.org/processed/DNB%7C11879552X</subfield>
  </datafield>
  <datafield tag="952" ind1=" " ind2=" ">
    <subfield code="a">RETRO</subfield>
  </datafield>
  <datafield tag="953" ind1=" " ind2=" ">
    <subfield code="a">xx00</subfield>
  </datafield>
</record>