
<record>
  <leader>01605cz  a2200229n  4500</leader>
  <controlfield tag="001">3776016</controlfield>
  <controlfield tag="003">DLC</controlfield>
  <controlfield tag="005">20200104073402.0</controlfield>
  <controlfield tag="008">801209n| azannaabn          |n aaa      </controlfield>
  <datafield tag="010" ind1=" " ind2=" ">
    <subfield code="a">n  80159103 </subfield>
  </datafield>
  <datafield tag="035" ind1=" " ind2=" ">
    <subfield code="a">(OCoLC)oca00538972</subfield>
  </datafield>
  <datafield tag="040" ind1=" " ind2=" ">
    <subfield code="a">DLC</subfield>
    <subfield code="b">eng</subfield>
    <subfield code="e">rda</subfield>
    <subfield code="c">DLC</subfield>
    <subfield code="d">NjP</subfield>
    <subfield code="d">OU</subfield>
  </datafield>
  <datafield tag="046" ind1=" " ind2=" ">
    <subfield code="f">1907-07-09</subfield>
    <subfield code="g">1988-05-31</subfield>
    <subfield code="2">edtf</subfield>
  </datafield>
  <datafield tag="100" ind1="1" ind2=" ">
    <subfield code="a">Eggers, Hans,</subfield>
    <subfield code="d">1907-1988</subfield>
  </datafield>
  <datafield tag="370" ind1=" " ind2=" ">
    <subfield code="a">Hamburg (Germany)</subfield>
    <subfield code="b">Saarbrücken (Germany)</subfield>
    <subfield code="2">naf</subfield>
  </datafield>
  <datafield tag="374" ind1=" " ind2=" ">
    <subfield code="a">Germanists</subfield>
    <subfield code="a">Linguists</subfield>
    <subfield code="a">Literary historians</subfield>
    <subfield code="a">Philologists</subfield>
    <subfield code="2">lcsh</subfield>
  </datafield>
  <datafield tag="375" ind1=" " ind2=" ">
    <subfield code="a">Males</subfield>
    <subfield code="2">lcdgt</subfield>
  </datafield>
  <datafield tag="670" ind1=" " ind2=" ">
    <subfield code="a">Author&apos;s Symmetrie und Proportion, c1956.</subfield>
  </datafield>
  <datafield tag="670" ind1=" " ind2=" ">
    <subfield code="a">Der althochdeutsche Isidor, 1964:</subfield>
    <subfield code="b">t.p. (Hans Eggers)</subfield>
  </datafield>
  <datafield tag="670" ind1=" " ind2=" ">
    <subfield code="a">Wikidata via Wikipedia, January 3, 2020</subfield>
    <subfield code="b">(alias: Hans Eggers; sex or gender: male; GND identifier: 118529080; place of birth: Hamburg; place of death: Saarbrücken; country of citizenship: Germany; instance of: human; date of birth: +1907-07-09T00:00:00Z; date of death: +1988-05-31T00:00:00Z; given name: Hans; NTA identifier (Netherlands): 068430264; occupation: philologist, germanist, literary scholar, linguist; award received: Konrad-Duden Prize; CONOR identifier: 49691235; surname: Eggers; SHARE Catalogue author ID (P3987): 198266; ISNI (P213): 0000000110360403; languages spoken or published: German; FAST-ID: 65073; LCAuth identifier: n80159103; SUDOC authorities: 028411544; BnF identifier: 12025168z; VIAF identifier: 4944058; NKC identifier: jx20041108004; description/label: deutscher Sprachwissenschaftler, Duits filoloog , German philologist)</subfield>
    <subfield code="u">http://www.wikidata.org/entity/Q1579290</subfield>
  </datafield>
  <datafield tag="952" ind1=" " ind2=" ">
    <subfield code="a">RETRO</subfield>
  </datafield>
  <datafield tag="953" ind1=" " ind2=" ">
    <subfield code="a">xx00</subfield>
    <subfield code="b">ec29</subfield>
  </datafield>
</record>