
<record>
  <leader>02535cz  a2200457n  4500</leader>
  <controlfield tag="001">3782908</controlfield>
  <controlfield tag="003">DLC</controlfield>
  <controlfield tag="005">20200104073407.0</controlfield>
  <controlfield tag="008">810626n| azannaabn          |b aaa      </controlfield>
  <datafield tag="010" ind1=" " ind2=" ">
    <subfield code="a">n  81064113 </subfield>
  </datafield>
  <datafield tag="035" ind1=" " ind2=" ">
    <subfield code="a">(OCoLC)oca00609497</subfield>
  </datafield>
  <datafield tag="040" ind1=" " ind2=" ">
    <subfield code="a">DLC</subfield>
    <subfield code="b">eng</subfield>
    <subfield code="e">rda</subfield>
    <subfield code="c">DLC</subfield>
    <subfield code="d">DLC</subfield>
    <subfield code="d">CU</subfield>
    <subfield code="d">DLC</subfield>
    <subfield code="d">OCoLC</subfield>
    <subfield code="d">UPB</subfield>
    <subfield code="d">DLC</subfield>
    <subfield code="d">IWW</subfield>
    <subfield code="d">MH</subfield>
  </datafield>
  <datafield tag="046" ind1=" " ind2=" ">
    <subfield code="f">1915-09-20</subfield>
    <subfield code="g">2012-11-22</subfield>
    <subfield code="2">edtf</subfield>
  </datafield>
  <datafield tag="100" ind1="1" ind2=" ">
    <subfield code="a">Ting, K. H.</subfield>
  </datafield>
  <datafield tag="368" ind1=" " ind2=" ">
    <subfield code="c">Anglicans</subfield>
    <subfield code="2">lcdgt</subfield>
  </datafield>
  <datafield tag="370" ind1=" " ind2=" ">
    <subfield code="c">China</subfield>
    <subfield code="2">naf</subfield>
  </datafield>
  <datafield tag="373" ind1=" " ind2=" ">
    <subfield code="a">Zhongguo Jidu jiao xie hui</subfield>
    <subfield code="a">Jinling xie he shen xue yuan</subfield>
    <subfield code="2">naf</subfield>
  </datafield>
  <datafield tag="374" ind1=" " ind2=" ">
    <subfield code="a">Anglican Bishop</subfield>
  </datafield>
  <datafield tag="374" ind1=" " ind2=" ">
    <subfield code="a">Bishops</subfield>
    <subfield code="2">lcsh</subfield>
  </datafield>
  <datafield tag="375" ind1=" " ind2=" ">
    <subfield code="a">Males</subfield>
    <subfield code="2">lcdgt</subfield>
  </datafield>
  <datafield tag="377" ind1=" " ind2=" ">
    <subfield code="a">chi</subfield>
  </datafield>
  <datafield tag="400" ind1="1" ind2=" ">
    <subfield code="a">Ding, Guang-xun</subfield>
  </datafield>
  <datafield tag="400" ind1="1" ind2=" ">
    <subfield code="a">Ding, Guangxun</subfield>
  </datafield>
  <datafield tag="400" ind1="1" ind2=" ">
    <subfield code="a">Ting, K. H.,</subfield>
    <subfield code="d">1915-2012</subfield>
  </datafield>
  <datafield tag="400" ind1="1" ind2=" ">
    <subfield code="a">Ting, Kuang-hsün</subfield>
  </datafield>
  <datafield tag="400" ind1="1" ind2=" ">
    <subfield code="a">丁光訓</subfield>
  </datafield>
  <datafield tag="400" ind1="1" ind2=" ">
    <subfield code="a">丁光训</subfield>
  </datafield>
  <datafield tag="510" ind1="2" ind2=" ">
    <subfield code="w">r</subfield>
    <subfield code="i">Chief executive of:</subfield>
    <subfield code="a">Jinling xie he shen xue yuan</subfield>
  </datafield>
  <datafield tag="510" ind1="2" ind2=" ">
    <subfield code="w">r</subfield>
    <subfield code="i">Chief executive of:</subfield>
    <subfield code="a">Zhongguo Jidu jiao xie hui</subfield>
  </datafield>
  <datafield tag="667" ind1=" " ind2=" ">
    <subfield code="a">Machine-derived non-Latin script reference project.</subfield>
  </datafield>
  <datafield tag="667" ind1=" " ind2=" ">
    <subfield code="a">Non-Latin script references not evaluated.</subfield>
  </datafield>
  <datafield tag="667" ind1=" " ind2=" ">
    <subfield code="a">Non-Latin script references reviewed in NACO CJK Funnel References Project.</subfield>
  </datafield>
  <datafield tag="670" ind1=" " ind2=" ">
    <subfield code="a">His How to study the Bible, c1981:</subfield>
    <subfield code="b">t.p. (K.H. Ting) publ. info. (Ting Kuang-hsün)</subfield>
  </datafield>
  <datafield tag="670" ind1=" " ind2=" ">
    <subfield code="a">Chinese Christians speak out, 1984:</subfield>
    <subfield code="b">t.p. (Bishop K.H. Ting)</subfield>
  </datafield>
  <datafield tag="670" ind1=" " ind2=" ">
    <subfield code="a">Bartke, W. Who&apos;s who in the People&apos;s Republic of China, c1981:</subfield>
    <subfield code="b">p. 55 (Ding Guangxun; Ting Kuang-hsün; b. 1915)</subfield>
  </datafield>
  <datafield tag="670" ind1=" " ind2=" ">
    <subfield code="a">Hsin Han Ying tzu tien, 1985:</subfield>
    <subfield code="b">t.p. (Ting Kuang-hsün; Ding Guang-xun [in rom.])</subfield>
  </datafield>
  <datafield tag="670" ind1=" " ind2=" ">
    <subfield code="a">Wikipedia, Apr. 17, 2008</subfield>
    <subfield code="b">(K.H. Ting; Ting Kuang-hsun; b. Sept. 20, 1915; former Anglican Bishop in mainland China; chairperson emeritus of the Three-Self Patriotic Movement and president emeritus of the China Christian Council; as he has not disclaimed his ordination, he is still technically a bishop, although the Anglican Church no longer exists as an institution in China; along with all recognized denominations, it was merged into the Three-Self Patriotic Movement in the 1950s; helped found the Amity Foundation and he remains its president as well as being principal of Nanjing Union Theological Seminary)</subfield>
  </datafield>
  <datafield tag="670" ind1=" " ind2=" ">
    <subfield code="a">Jidu jiao da ci dian, 2010:</subfield>
    <subfield code="b">t.p. (丁光训 = Ding Guangxun)</subfield>
  </datafield>
  <datafield tag="670" ind1=" " ind2=" ">
    <subfield code="a">Wikidata via Wikipedia, August 8, 2019</subfield>
    <subfield code="b">(died November 22, 2012)</subfield>
    <subfield code="u">http://www.wikidata.org/entity/Q842512</subfield>
  </datafield>
  <datafield tag="670" ind1=" " ind2=" ">
    <subfield code="a">LC database, December 23, 2019</subfield>
    <subfield code="b">(access point: 丁光训 = Ting, K. H.; usage: 丁光训 = Ding Guangxun)</subfield>
  </datafield>
  <datafield tag="953" ind1=" " ind2=" ">
    <subfield code="a">bl09</subfield>
    <subfield code="b">ta30</subfield>
  </datafield>
</record>