
<record>
  <leader>01401cz  a2200325n  4500</leader>
  <controlfield tag="001">3812602</controlfield>
  <controlfield tag="003">DLC</controlfield>
  <controlfield tag="005">20200104073504.0</controlfield>
  <controlfield tag="008">840326nc azannaabn          |b aaa      </controlfield>
  <datafield tag="010" ind1=" " ind2=" ">
    <subfield code="a">n  82266983 </subfield>
  </datafield>
  <datafield tag="035" ind1=" " ind2=" ">
    <subfield code="a">(OCoLC)oca01085179</subfield>
  </datafield>
  <datafield tag="040" ind1=" " ind2=" ">
    <subfield code="a">DLC</subfield>
    <subfield code="b">eng</subfield>
    <subfield code="e">rda</subfield>
    <subfield code="c">DLC</subfield>
    <subfield code="d">DLC</subfield>
    <subfield code="d">OCoLC</subfield>
    <subfield code="d">HkUST</subfield>
    <subfield code="d">OCoLC</subfield>
    <subfield code="d">HkUST</subfield>
    <subfield code="d">InU</subfield>
    <subfield code="d">MH</subfield>
  </datafield>
  <datafield tag="046" ind1=" " ind2=" ">
    <subfield code="f">1450</subfield>
    <subfield code="g">1524</subfield>
  </datafield>
  <datafield tag="053" ind1=" " ind2="0">
    <subfield code="a">PL2698.W235</subfield>
  </datafield>
  <datafield tag="100" ind1="1" ind2=" ">
    <subfield code="a">Wang, Ao,</subfield>
    <subfield code="d">1450-1524</subfield>
  </datafield>
  <datafield tag="400" ind1="1" ind2=" ">
    <subfield code="a">王鏊,</subfield>
    <subfield code="d">1450-1524</subfield>
  </datafield>
  <datafield tag="400" ind1="1" ind2=" ">
    <subfield code="a">Wang, Jizhi,</subfield>
    <subfield code="d">1450-1524</subfield>
  </datafield>
  <datafield tag="400" ind1="1" ind2=" ">
    <subfield code="a">Wang, Chi-chih,</subfield>
    <subfield code="d">1450-1524</subfield>
  </datafield>
  <datafield tag="400" ind1="1" ind2=" ">
    <subfield code="a">王濟之,</subfield>
    <subfield code="d">1450-1524</subfield>
  </datafield>
  <datafield tag="400" ind1="0" ind2=" ">
    <subfield code="a">Zhenzexiansheng,</subfield>
    <subfield code="d">1450-1524</subfield>
  </datafield>
  <datafield tag="400" ind1="0" ind2=" ">
    <subfield code="a">震澤先生,</subfield>
    <subfield code="d">1450-1524</subfield>
  </datafield>
  <datafield tag="667" ind1=" " ind2=" ">
    <subfield code="a">Machine-derived non-Latin script reference project.</subfield>
  </datafield>
  <datafield tag="667" ind1=" " ind2=" ">
    <subfield code="a">Non-Latin script references not evaluated.</subfield>
  </datafield>
  <datafield tag="667" ind1=" " ind2=" ">
    <subfield code="a">Non-Latin script references reviewed in NACO CJK Funnel References Project.</subfield>
  </datafield>
  <datafield tag="670" ind1=" " ind2=" ">
    <subfield code="a">Ku-su chih, 1980?:</subfield>
    <subfield code="b">caption (王鏊 = Wang Ao)</subfield>
  </datafield>
  <datafield tag="670" ind1=" " ind2=" ">
    <subfield code="a">LC manual auth. cd.</subfield>
    <subfield code="b">(hdg.: Wang, Ao, 1450-1524; t. Chi-chih)</subfield>
  </datafield>
  <datafield tag="670" ind1=" " ind2=" ">
    <subfield code="a">Zhenze chang yu [in Si ku quan shu, v. 867], 1987:</subfield>
    <subfield code="b">t.p. (王鏊 = Wang Ao) abstract (震澤先生 = Zhenzexiansheng)</subfield>
  </datafield>
  <datafield tag="670" ind1=" " ind2=" ">
    <subfield code="a">Baidu baike, viewed January 3, 2020:</subfield>
    <subfield code="b">(王鏊, 1450-1524; zi: 濟之, hao: 守溪, 拙叟; people call him 震澤先生)</subfield>
  </datafield>
  <datafield tag="670" ind1=" " ind2=" ">
    <subfield code="a">OCLC #27780648, January 3, 2020</subfield>
    <subfield code="b">(access point: 王鏊, 1450-1524 = Wang, Ao, 1450-1524 ; usage: 王鏊 = Wang Ao)</subfield>
  </datafield>
  <datafield tag="953" ind1=" " ind2=" ">
    <subfield code="a">bl31</subfield>
  </datafield>
</record>