
<record>
  <leader>02196cz  a2200421n  4500</leader>
  <controlfield tag="001">3826039</controlfield>
  <controlfield tag="003">DLC</controlfield>
  <controlfield tag="005">20200104073458.0</controlfield>
  <controlfield tag="008">831116n| azannaabn          |b aaa      </controlfield>
  <datafield tag="010" ind1=" " ind2=" ">
    <subfield code="a">n  83212803 </subfield>
  </datafield>
  <datafield tag="035" ind1=" " ind2=" ">
    <subfield code="a">(OCoLC)oca01021893</subfield>
  </datafield>
  <datafield tag="040" ind1=" " ind2=" ">
    <subfield code="a">DLC</subfield>
    <subfield code="b">eng</subfield>
    <subfield code="e">rda</subfield>
    <subfield code="c">DLC</subfield>
    <subfield code="d">DLC</subfield>
    <subfield code="d">CMalG</subfield>
    <subfield code="d">DLC</subfield>
    <subfield code="d">OCoLC</subfield>
    <subfield code="d">WU</subfield>
    <subfield code="d">DLC</subfield>
    <subfield code="d">InU</subfield>
    <subfield code="d">WU</subfield>
  </datafield>
  <datafield tag="046" ind1=" " ind2=" ">
    <subfield code="f">1883-02-02</subfield>
    <subfield code="g">1922-03-27</subfield>
    <subfield code="2">edtf</subfield>
  </datafield>
  <datafield tag="100" ind1="1" ind2=" ">
    <subfield code="a">Vakhtangov, Evgeniĭ,</subfield>
    <subfield code="d">1883-1922</subfield>
  </datafield>
  <datafield tag="370" ind1=" " ind2=" ">
    <subfield code="a">Moscow (Russia)</subfield>
    <subfield code="b">Moscow (Russia)</subfield>
    <subfield code="2">naf</subfield>
  </datafield>
  <datafield tag="374" ind1=" " ind2=" ">
    <subfield code="a">Theatrical producers and directors</subfield>
    <subfield code="a">Actors</subfield>
    <subfield code="2">lcsh</subfield>
  </datafield>
  <datafield tag="375" ind1=" " ind2=" ">
    <subfield code="a">Males</subfield>
    <subfield code="2">lcdgt</subfield>
  </datafield>
  <datafield tag="377" ind1=" " ind2=" ">
    <subfield code="a">rus</subfield>
  </datafield>
  <datafield tag="400" ind1="1" ind2=" ">
    <subfield code="a">Вахтангов, Евгений,</subfield>
    <subfield code="d">1883-1922</subfield>
  </datafield>
  <datafield tag="400" ind1="1" ind2=" ">
    <subfield code="a">Vakhtangov, Evgeniĭ Bagrationovich,</subfield>
    <subfield code="d">1883-1922</subfield>
  </datafield>
  <datafield tag="400" ind1="1" ind2=" ">
    <subfield code="a">Wachtangow, Jewgeni B.,</subfield>
    <subfield code="d">1883-1922</subfield>
  </datafield>
  <datafield tag="400" ind1="1" ind2=" ">
    <subfield code="w">nna</subfield>
    <subfield code="a">Vakhtangov, Evgeniĭ Bogrationovich,</subfield>
    <subfield code="d">1883-1922</subfield>
  </datafield>
  <datafield tag="400" ind1="1" ind2=" ">
    <subfield code="a">Vachtangov, Evgenij B.,</subfield>
    <subfield code="d">1883-1922</subfield>
  </datafield>
  <datafield tag="400" ind1="1" ind2=" ">
    <subfield code="a">Vahtangov, Evgheni,</subfield>
    <subfield code="d">1883-1922</subfield>
  </datafield>
  <datafield tag="400" ind1="1" ind2=" ">
    <subfield code="a">Vahtangov, Yevgeni,</subfield>
    <subfield code="d">1883-1922</subfield>
  </datafield>
  <datafield tag="400" ind1="1" ind2=" ">
    <subfield code="a">Wachtangow, Jewgieni,</subfield>
    <subfield code="d">1883-1922</subfield>
  </datafield>
  <datafield tag="400" ind1="1" ind2=" ">
    <subfield code="a">Vakhtangov, Yevgeny,</subfield>
    <subfield code="d">1883-1922</subfield>
  </datafield>
  <datafield tag="667" ind1=" " ind2=" ">
    <subfield code="a">Non-Latin script reference not evaluated.</subfield>
  </datafield>
  <datafield tag="670" ind1=" " ind2=" ">
    <subfield code="a">Le Jeu de l&apos;acteur chez Meyerhold et Vakhtangov, 1981 (subj.)</subfield>
    <subfield code="b">t.p. (Vakhtangov)</subfield>
  </datafield>
  <datafield tag="670" ind1=" " ind2=" ">
    <subfield code="a">LC data base, 8/22/83</subfield>
    <subfield code="b">(hdg: Vakhtangov, Evgeniĭ Bogrationovich, 1883-1922; variant: Jewgeni B. Wachtangow)</subfield>
  </datafield>
  <datafield tag="670" ind1=" " ind2=" ">
    <subfield code="a">Ivanov, O. Vakhtangov i vakhtangovt︠s︡y, 1984:</subfield>
    <subfield code="b">p. 21 (Evgenii︠a︡ Bagrationovicha Vakhtangova)</subfield>
  </datafield>
  <datafield tag="670" ind1=" " ind2=" ">
    <subfield code="a">Bolʹsh. sov. ėnt︠s︡., 3d ed.:</subfield>
    <subfield code="b">v. 4, p. 338 (Vakhtangov Evgeniĭ Bagrationovich)</subfield>
  </datafield>
  <datafield tag="670" ind1=" " ind2=" ">
    <subfield code="a">Il sistema e l&apos;eccezione, 1984:</subfield>
    <subfield code="b">t.p. (Evgenij B. Vachtangov)</subfield>
  </datafield>
  <datafield tag="670" ind1=" " ind2=" ">
    <subfield code="a">Roșca, Angelina. Teatralitate, pre- și post-Vahtangov, [2004], c2003:</subfield>
    <subfield code="b">p. 7 (Evgheni Vahtangov)</subfield>
  </datafield>
  <datafield tag="670" ind1=" " ind2=" ">
    <subfield code="a">IMDb, Aug. 12, 2008</subfield>
    <subfield code="b">(Yevgeni Vakhtangov; b. Feb. 2, 1883, Moscow, Russia; d. Mar. 27, 1922, Moscow, Russia; actor)</subfield>
  </datafield>
  <datafield tag="670" ind1=" " ind2=" ">
    <subfield code="a">Jewgienij Wachtangow, 2008:</subfield>
    <subfield code="b">t.p. (Jewgienij Wachtangow)</subfield>
  </datafield>
  <datafield tag="670" ind1=" " ind2=" ">
    <subfield code="a">The Vakhtangov sourcebook, 2011:</subfield>
    <subfield code="b">t.p. data view (Yevgeny Vakhtangov [in rom.]; creator of fantastic realism, credited with reconciling Meyerhold&apos;s experiments iwth Stanislavski&apos;s naturalist theater technique)</subfield>
  </datafield>
  <datafield tag="953" ind1=" " ind2=" ">
    <subfield code="a">eb01</subfield>
    <subfield code="b">rg13</subfield>
  </datafield>
</record>