
<record>
  <leader>02658cz  a2200289n  4500</leader>
  <controlfield tag="001">3913310</controlfield>
  <controlfield tag="003">DLC</controlfield>
  <controlfield tag="005">20200104073437.0</controlfield>
  <controlfield tag="008">870106n| azannaabn          |a aaa      </controlfield>
  <datafield tag="010" ind1=" " ind2=" ">
    <subfield code="a">n  87800683 </subfield>
  </datafield>
  <datafield tag="035" ind1=" " ind2=" ">
    <subfield code="a">(OCoLC)oca01746144</subfield>
  </datafield>
  <datafield tag="040" ind1=" " ind2=" ">
    <subfield code="a">DLC</subfield>
    <subfield code="b">eng</subfield>
    <subfield code="e">rda</subfield>
    <subfield code="c">DLC</subfield>
    <subfield code="d">DLC</subfield>
    <subfield code="d">OU</subfield>
  </datafield>
  <datafield tag="046" ind1=" " ind2=" ">
    <subfield code="f">1901-04-14</subfield>
    <subfield code="g">1990-04-14</subfield>
    <subfield code="2">edtf</subfield>
  </datafield>
  <datafield tag="053" ind1=" " ind2="0">
    <subfield code="a">PT2621.E73</subfield>
  </datafield>
  <datafield tag="100" ind1="1" ind2=" ">
    <subfield code="a">Kessel, Martin,</subfield>
    <subfield code="d">1901-1990</subfield>
  </datafield>
  <datafield tag="370" ind1=" " ind2=" ">
    <subfield code="a">Plauen (Germany)</subfield>
    <subfield code="b">Berlin (Germany)</subfield>
    <subfield code="2">naf</subfield>
  </datafield>
  <datafield tag="374" ind1=" " ind2=" ">
    <subfield code="a">Authors</subfield>
    <subfield code="2">lcsh</subfield>
  </datafield>
  <datafield tag="375" ind1=" " ind2=" ">
    <subfield code="a">Males</subfield>
    <subfield code="2">lcdgt</subfield>
  </datafield>
  <datafield tag="378" ind1=" " ind2=" ">
    <subfield code="q">Martin Louis Hermann</subfield>
  </datafield>
  <datafield tag="400" ind1="1" ind2=" ">
    <subfield code="a">Kessel, Martin Louis Hermann,</subfield>
    <subfield code="d">1901-1990</subfield>
  </datafield>
  <datafield tag="500" ind1="1" ind2=" ">
    <subfield code="w">r</subfield>
    <subfield code="i">Alternate identity:</subfield>
    <subfield code="a">Brühl, Hans,</subfield>
    <subfield code="d">1901-1990</subfield>
  </datafield>
  <datafield tag="663" ind1=" " ind2=" ">
    <subfield code="a">For works of this author written under a pseudonym, search also under</subfield>
    <subfield code="b">Brühl, Hans, 1901-1990</subfield>
  </datafield>
  <datafield tag="670" ind1=" " ind2=" ">
    <subfield code="a">nuc86-64932: His Betriebsamkeit, 1982</subfield>
    <subfield code="b">(hdg. on NjP rept.: Kessel, Martin, 1901- ; usage: Martin Kessel)</subfield>
  </datafield>
  <datafield tag="670" ind1=" " ind2=" ">
    <subfield code="a">LC data base, 01/06/87</subfield>
    <subfield code="b">(hdg.: Kessel, Martin, 1901- )</subfield>
  </datafield>
  <datafield tag="670" ind1=" " ind2=" ">
    <subfield code="a">Martin Kessel (1901-1990):</subfield>
    <subfield code="b">p. 12 (Martin Louis Hermann Kessel; b. Apr. 14, 1901 in Plauen (Sachsen); d. Apr. 14, 1990 in Berlin)</subfield>
  </datafield>
  <datafield tag="670" ind1=" " ind2=" ">
    <subfield code="a">Wikidata via Wikipedia, January 3, 2020</subfield>
    <subfield code="b">(alias: Martin Kessel, Martynas Keselis, Мартин Кесел; occupation: writer; sex or gender: male; LCAuth identifier: n87800683; VIAF identifier: 41963620; GND identifier: 116144998; ISNI (P213): 0000000114606773; country of citizenship: Germany; date of birth: +1901-04-14T00:00:00Z; date of death: +1990-04-14T00:00:00Z; instance of: human; award received: Georg Büchner Prize, Commander&apos;s Cross of the Order of Merit of the Federal Republic of Germany, Fontane-Preis, Literature Award of the Bavarian Academy of the Fine Arts; member of: PEN Centre Germany, Academy of Arts, Berlin, Deutsche Akademie für Sprache und Dichtung, Bavarian Academy of Fine Arts; given name: Martin; languages spoken or published: German; NTA identifier (Netherlands): 067956211; Munzinger IBA: 00000009406; Perlentaucher ID: martin-kessel; DBNL ID: kess050; place of death: Berlin; place of birth: Plauen; Nobel Prize People Nomination ID (P3360): 13603; ADK member ID (P4114): 51009; BNE identifier: XX4704883; surname: Kessel; SUDOC authorities: 068263821; BnF identifier: 12690637b; NKC identifier: xx0009610; SHARE Catalogue author ID (P3987): 562535; description/label: deutscher Schriftsteller, Duits schrijver, écrivain allemand, escriptor alemany, escritor alemán, escrivan alemand, German writer, Saksamaa kirjanik, scríbhneoir Gearmánach, scriitor german, shkrimtar gjerman, tysk författare, tysk skribent, סופר גרמני)</subfield>
    <subfield code="u">http://www.wikidata.org/entity/Q126875</subfield>
  </datafield>
  <datafield tag="953" ind1=" " ind2=" ">
    <subfield code="a">na20</subfield>
    <subfield code="b">ld12</subfield>
  </datafield>
</record>