
<record>
  <leader>01244cz  a2200253n  4500</leader>
  <controlfield tag="001">3947042</controlfield>
  <controlfield tag="003">DLC</controlfield>
  <controlfield tag="005">20200104073530.0</controlfield>
  <controlfield tag="008">890831n| azannaabn          |b aaa      </controlfield>
  <datafield tag="010" ind1=" " ind2=" ">
    <subfield code="a">n  88291223 </subfield>
  </datafield>
  <datafield tag="035" ind1=" " ind2=" ">
    <subfield code="a">(OCoLC)oca02590926</subfield>
  </datafield>
  <datafield tag="040" ind1=" " ind2=" ">
    <subfield code="a">DLC</subfield>
    <subfield code="b">eng</subfield>
    <subfield code="c">DLC</subfield>
    <subfield code="d">DLC-R</subfield>
    <subfield code="d">OCoLC</subfield>
    <subfield code="d">DLC</subfield>
    <subfield code="d">NNC</subfield>
    <subfield code="e">rda</subfield>
    <subfield code="d">DLC</subfield>
    <subfield code="d">CaLaUCEA</subfield>
  </datafield>
  <datafield tag="046" ind1=" " ind2=" ">
    <subfield code="f">1946-11-03</subfield>
    <subfield code="2">edtf</subfield>
  </datafield>
  <datafield tag="053" ind1=" " ind2="0">
    <subfield code="a">PL992.2.C417</subfield>
  </datafield>
  <datafield tag="100" ind1="1" ind2=" ">
    <subfield code="a">Chŏng, Ch&apos;ae-bong</subfield>
  </datafield>
  <datafield tag="400" ind1="1" ind2=" ">
    <subfield code="a">정 채봉</subfield>
  </datafield>
  <datafield tag="400" ind1="1" ind2=" ">
    <subfield code="a">정채봉</subfield>
  </datafield>
  <datafield tag="667" ind1=" " ind2=" ">
    <subfield code="a">Machine-derived non-Latin script reference project.</subfield>
  </datafield>
  <datafield tag="667" ind1=" " ind2=" ">
    <subfield code="a">Non-Latin script references not evaluated.</subfield>
  </datafield>
  <datafield tag="667" ind1=" " ind2=" ">
    <subfield code="a">Non-Latin script references reviewed in NACO CJK Funnel References Project.</subfield>
  </datafield>
  <datafield tag="670" ind1=" " ind2=" ">
    <subfield code="a">His Sumswinŭn tol, 1988 (1989 printing):</subfield>
    <subfield code="b">t.p. (Chŏng Ch&apos;ae-bong)</subfield>
  </datafield>
  <datafield tag="670" ind1=" " ind2=" ">
    <subfield code="a">His Kkot kŭnŭl hwanhan mul, 1989:</subfield>
    <subfield code="b">t.p. (Chŏng Ch&apos;ae-bong) p. 213 (b. 11/3/1946 in Chŏnnam Sŭngju-gun; attended Tongguktae Kungmunkwa)</subfield>
  </datafield>
  <datafield tag="670" ind1=" " ind2=" ">
    <subfield code="a">Sarang ŭl munnŭn tangsin ege, 2007:</subfield>
    <subfield code="b">t.p. (정 채봉 = Chŏng Ch&apos;ae-bong) p. 217 (b. 1946 in Chŏnnam Sunch&apos;ŏn; grad., Tongguk Taehakkyo Kugŏ Kungmun Hakkwa; p&apos;yŏnjippu kija, wŏlgan Saemt&apos;ŏ; w., Saemt&apos;ŏsa; kyŏmim kyosu, Tongguktae Munye Ch&apos;angjak Hakkwa; chakka; d. Jan. 09, 2001)</subfield>
  </datafield>
  <datafield tag="953" ind1=" " ind2=" ">
    <subfield code="a">bl21</subfield>
    <subfield code="b">cf03</subfield>
  </datafield>
</record>