
<record>
  <leader>02208cz  a2200385n  4500</leader>
  <controlfield tag="001">3960769</controlfield>
  <controlfield tag="003">DLC</controlfield>
  <controlfield tag="005">20200104073316.0</controlfield>
  <controlfield tag="008">900619nc azannaabn          |b aaa      </controlfield>
  <datafield tag="010" ind1=" " ind2=" ">
    <subfield code="a">n  89111263 </subfield>
    <subfield code="z">nr 99031248 </subfield>
  </datafield>
  <datafield tag="035" ind1=" " ind2=" ">
    <subfield code="a">(OCoLC)oca02764980</subfield>
  </datafield>
  <datafield tag="040" ind1=" " ind2=" ">
    <subfield code="a">DLC</subfield>
    <subfield code="b">eng</subfield>
    <subfield code="e">rda</subfield>
    <subfield code="c">DLC</subfield>
    <subfield code="d">OCoLC</subfield>
    <subfield code="d">DLC-R</subfield>
    <subfield code="d">DLC</subfield>
    <subfield code="d">OCoLC</subfield>
    <subfield code="d">DLC</subfield>
    <subfield code="d">Uk</subfield>
    <subfield code="d">DLC</subfield>
    <subfield code="d">MH</subfield>
  </datafield>
  <datafield tag="046" ind1=" " ind2=" ">
    <subfield code="f">1856</subfield>
    <subfield code="g">1875</subfield>
  </datafield>
  <datafield tag="100" ind1="0" ind2=" ">
    <subfield code="a">Tongzhi,</subfield>
    <subfield code="c">Emperor of China,</subfield>
    <subfield code="d">1856-1875</subfield>
  </datafield>
  <datafield tag="368" ind1=" " ind2=" ">
    <subfield code="d">Emperor of China</subfield>
    <subfield code="s">1862</subfield>
    <subfield code="t">1875</subfield>
  </datafield>
  <datafield tag="375" ind1=" " ind2=" ">
    <subfield code="a">male</subfield>
  </datafield>
  <datafield tag="400" ind1="0" ind2=" ">
    <subfield code="w">nne</subfield>
    <subfield code="a">Tʻung-chih,</subfield>
    <subfield code="c">Emperor of China,</subfield>
    <subfield code="d">1856-1875</subfield>
  </datafield>
  <datafield tag="400" ind1="0" ind2=" ">
    <subfield code="a">Chʻing Mu-tsung,</subfield>
    <subfield code="c">Emperor of China,</subfield>
    <subfield code="d">1856-1875</subfield>
  </datafield>
  <datafield tag="400" ind1="0" ind2=" ">
    <subfield code="a">Qing Muzong,</subfield>
    <subfield code="c">Emperor of China,</subfield>
    <subfield code="d">1856-1875</subfield>
  </datafield>
  <datafield tag="400" ind1="0" ind2=" ">
    <subfield code="a">Zaichun,</subfield>
    <subfield code="d">1856-1875</subfield>
  </datafield>
  <datafield tag="400" ind1="0" ind2=" ">
    <subfield code="a">Tsai-chʻun,</subfield>
    <subfield code="d">1856-1875</subfield>
  </datafield>
  <datafield tag="400" ind1="0" ind2=" ">
    <subfield code="a">Yi Huangdi,</subfield>
    <subfield code="c">Emperor of China,</subfield>
    <subfield code="d">1856-1875</subfield>
  </datafield>
  <datafield tag="400" ind1="0" ind2=" ">
    <subfield code="a">I Huang-Ti,</subfield>
    <subfield code="c">Emperor of China,</subfield>
    <subfield code="d">1856-1875</subfield>
  </datafield>
  <datafield tag="400" ind1="0" ind2=" ">
    <subfield code="a">Tong Zhi,</subfield>
    <subfield code="c">Emperor of China,</subfield>
    <subfield code="d">1856-1875</subfield>
  </datafield>
  <datafield tag="400" ind1="0" ind2=" ">
    <subfield code="a">Zai Chun,</subfield>
    <subfield code="d">1856-1875</subfield>
  </datafield>
  <datafield tag="400" ind1="0" ind2=" ">
    <subfield code="a">同治,</subfield>
    <subfield code="c">Emperor of China,</subfield>
    <subfield code="d">1856-1875</subfield>
  </datafield>
  <datafield tag="400" ind1="0" ind2=" ">
    <subfield code="a">清穆宗,</subfield>
    <subfield code="c">Emperor of China,</subfield>
    <subfield code="d">1856-1875</subfield>
  </datafield>
  <datafield tag="667" ind1=" " ind2=" ">
    <subfield code="a">Machine-derived non-Latin script reference project.</subfield>
  </datafield>
  <datafield tag="667" ind1=" " ind2=" ">
    <subfield code="a">Non-Latin script references not evaluated.</subfield>
  </datafield>
  <datafield tag="667" ind1=" " ind2=" ">
    <subfield code="a">Non-Latin script references reviewed in NACO CJK Funnel References Project.</subfield>
  </datafield>
  <datafield tag="670" ind1=" " ind2=" ">
    <subfield code="a">Chʻing tai chʻi chü chu tsʻe. Tʻung-chih chʻao, 1983.</subfield>
  </datafield>
  <datafield tag="670" ind1=" " ind2=" ">
    <subfield code="a">Enc. Brit. 1982:</subfield>
    <subfield code="b">v. 10 (Tʻung-chih, personal name Tsai-chʻun, canonized as I Huang-Ti, temple name Mu Tsung, b. 4/27/1856, d. 1/12/1875, emperor (reigned 1862-1875) of the Chʻing dynasty)</subfield>
  </datafield>
  <datafield tag="670" ind1=" " ind2=" ">
    <subfield code="a">LC manual auth. cd.</subfield>
    <subfield code="b">(hdg.: Chʻing Mu-tsung, Emperor of China, 1856-1875)</subfield>
  </datafield>
  <datafield tag="670" ind1=" " ind2=" ">
    <subfield code="a">Webster biog. dict., c1943</subfield>
    <subfield code="b">(Tʻung Chih; personal name Tsai Chʻun; b. 1856, d. 1875; emperor of China, 1862-75; eighth of the Ch&apos;ing (Manchu) dynasty; son of Hsien Fêng and his concubine Yehonala; ruled under regency of his mother and Prince Kung; during his reign Robert Hart began establishment of maritime customs service (1863) and Anson Burlingame and his mission visited China (1868-70))</subfield>
  </datafield>
  <datafield tag="670" ind1=" " ind2=" ">
    <subfield code="a">OCLC #22112283, December 23, 2019</subfield>
    <subfield code="b">(access point: 同治, Emperor of China, 1856-1875 = Tongzhi, Emperor of China, 1856-1875; usage: 同治 = Tongzhi)</subfield>
  </datafield>
</record>