
<record>
  <leader>01018cz  a2200193n  4500</leader>
  <controlfield tag="001">3995907</controlfield>
  <controlfield tag="003">DLC</controlfield>
  <controlfield tag="005">20200104073249.0</controlfield>
  <controlfield tag="008">910214n| azannaabn          |n aaa      </controlfield>
  <datafield tag="010" ind1=" " ind2=" ">
    <subfield code="a">n  91016143 </subfield>
  </datafield>
  <datafield tag="035" ind1=" " ind2=" ">
    <subfield code="a">(OCoLC)oca02896533</subfield>
  </datafield>
  <datafield tag="040" ind1=" " ind2=" ">
    <subfield code="a">DLC</subfield>
    <subfield code="b">eng</subfield>
    <subfield code="e">rda</subfield>
    <subfield code="c">DLC</subfield>
    <subfield code="d">DLC</subfield>
    <subfield code="d">MoSU</subfield>
  </datafield>
  <datafield tag="046" ind1=" " ind2=" ">
    <subfield code="f">1947-08-05</subfield>
    <subfield code="2">edtf</subfield>
  </datafield>
  <datafield tag="100" ind1="1" ind2=" ">
    <subfield code="a">Burchell, Graham</subfield>
  </datafield>
  <datafield tag="374" ind1=" " ind2=" ">
    <subfield code="a">Translators</subfield>
    <subfield code="2">lcsh</subfield>
  </datafield>
  <datafield tag="377" ind1=" " ind2=" ">
    <subfield code="a">eng</subfield>
    <subfield code="a">fre</subfield>
  </datafield>
  <datafield tag="670" ind1=" " ind2=" ">
    <subfield code="a">The Foucault effect, 1991:</subfield>
    <subfield code="b">CIP title page (Graham Burchell) galley (Sociology Department, Goldsmith College)</subfield>
  </datafield>
  <datafield tag="670" ind1=" " ind2=" ">
    <subfield code="a">Foucault, Michel. On the punitive society : lectures at the Collège de France 1972-1973, 2015:</subfield>
    <subfield code="b">ECIP title page (Graham Burchell) data view (born August 5, 1947) book title page (translated by Graham Burchell)</subfield>
  </datafield>
  <datafield tag="670" ind1=" " ind2=" ">
    <subfield code="a">University of Chicago Press (publisher) website, viewed January 3, 2020</subfield>
    <subfield code="b">(Graham Burchell, a contributor to Radical philosophy and Ideology and consciousness, is a freelance researcher and translator)</subfield>
    <subfield code="u">https://www.press.uchicago.edu/ucp/books/author/B/G/au5540593.html</subfield>
  </datafield>
</record>