
<record>
  <leader>01379cz  a2200349n  4500</leader>
  <controlfield tag="001">4015608</controlfield>
  <controlfield tag="003">DLC</controlfield>
  <controlfield tag="005">20200104073511.0</controlfield>
  <controlfield tag="008">920520nc azannaabn          |b aaa     c</controlfield>
  <datafield tag="010" ind1=" " ind2=" ">
    <subfield code="a">nr 92019243 </subfield>
  </datafield>
  <datafield tag="035" ind1=" " ind2=" ">
    <subfield code="a">(OCoLC)oca03177572</subfield>
  </datafield>
  <datafield tag="040" ind1=" " ind2=" ">
    <subfield code="a">NNC</subfield>
    <subfield code="b">eng</subfield>
    <subfield code="e">rda</subfield>
    <subfield code="c">NNC</subfield>
    <subfield code="d">OCoLC</subfield>
    <subfield code="d">NNC</subfield>
    <subfield code="d">MH</subfield>
  </datafield>
  <datafield tag="046" ind1=" " ind2=" ">
    <subfield code="f">1874</subfield>
    <subfield code="g">1940</subfield>
  </datafield>
  <datafield tag="100" ind1="1" ind2=" ">
    <subfield code="a">Tu, Fengshu</subfield>
  </datafield>
  <datafield tag="400" ind1="1" ind2=" ">
    <subfield code="w">nne</subfield>
    <subfield code="a">Tʻu, Feng-shu</subfield>
  </datafield>
  <datafield tag="400" ind1="1" ind2=" ">
    <subfield code="a">Tu, Zihou</subfield>
  </datafield>
  <datafield tag="400" ind1="1" ind2=" ">
    <subfield code="a">Tu, Qidun</subfield>
  </datafield>
  <datafield tag="400" ind1="0" ind2=" ">
    <subfield code="a">Shichengshanren</subfield>
  </datafield>
  <datafield tag="400" ind1="1" ind2=" ">
    <subfield code="a">涂鳳書</subfield>
  </datafield>
  <datafield tag="400" ind1="1" ind2=" ">
    <subfield code="a">涂凤书</subfield>
  </datafield>
  <datafield tag="400" ind1="1" ind2=" ">
    <subfield code="a">涂子厚</subfield>
  </datafield>
  <datafield tag="400" ind1="1" ind2=" ">
    <subfield code="a">涂起敦</subfield>
  </datafield>
  <datafield tag="400" ind1="0" ind2=" ">
    <subfield code="a">石城山人</subfield>
  </datafield>
  <datafield tag="667" ind1=" " ind2=" ">
    <subfield code="a">Machine-derived non-Latin script reference project.</subfield>
  </datafield>
  <datafield tag="667" ind1=" " ind2=" ">
    <subfield code="a">Non-Latin script references not evaluated.</subfield>
  </datafield>
  <datafield tag="667" ind1=" " ind2=" ">
    <subfield code="a">Non-Latin script references reviewed in NACO CJK Funnel References Project.</subfield>
  </datafield>
  <datafield tag="670" ind1=" " ind2=" ">
    <subfield code="a">Yun-yang Tʻu shih tsu pʻu, 1930:</subfield>
    <subfield code="b">chüan shou, l. 15 (Tʻu Feng-shu)</subfield>
  </datafield>
  <datafield tag="670" ind1=" " ind2=" ">
    <subfield code="a">Shichengshanren wen ji, 2011:</subfield>
    <subfield code="b">t.p. (涂凤书 = Tu Fengshu) p. 3 (1874-1940; zi: 子厚 = Zihou; ming: 起敦 = Qidun; hao: 石城山人 = Shichengshanren)</subfield>
  </datafield>
  <datafield tag="675" ind1=" " ind2=" ">
    <subfield code="a">Li tai ming jen nien li pei chuan tsung piao, 1965;</subfield>
    <subfield code="a">Chʻing tai pei chuan wen tʻung chien, 1959;</subfield>
    <subfield code="a">Eminent Chinese of the Chʻing Period, 1943.</subfield>
  </datafield>
  <datafield tag="670" ind1=" " ind2=" ">
    <subfield code="a">OCLC # 25804699, December 23, 2019</subfield>
    <subfield code="b">(access point: 涂鳳書 = Tu, Fengshu; usage: 涂鳳書 = Tu Fengshu)</subfield>
  </datafield>
  <datafield tag="953" ind1=" " ind2=" ">
    <subfield code="a">xx00</subfield>
  </datafield>
  <datafield tag="985" ind1=" " ind2=" ">
    <subfield code="c">RLIN</subfield>
    <subfield code="e">LSPC</subfield>
  </datafield>
</record>