
<record>
  <leader>01463cz  a2200241n  4500</leader>
  <controlfield tag="001">4018874</controlfield>
  <controlfield tag="003">DLC</controlfield>
  <controlfield tag="005">20200104073528.0</controlfield>
  <controlfield tag="008">920320n| azannaabn          |a aaa      </controlfield>
  <datafield tag="010" ind1=" " ind2=" ">
    <subfield code="a">n  92031053 </subfield>
  </datafield>
  <datafield tag="035" ind1=" " ind2=" ">
    <subfield code="a">(OCoLC)oca03134436</subfield>
  </datafield>
  <datafield tag="040" ind1=" " ind2=" ">
    <subfield code="a">DLC</subfield>
    <subfield code="b">eng</subfield>
    <subfield code="e">rda</subfield>
    <subfield code="c">DLC</subfield>
    <subfield code="d">DLC</subfield>
    <subfield code="d">ICrlF</subfield>
  </datafield>
  <datafield tag="100" ind1="1" ind2=" ">
    <subfield code="a">Blumenthal, Richard A.</subfield>
  </datafield>
  <datafield tag="370" ind1=" " ind2=" ">
    <subfield code="a">Brooklyn (New York, N.Y.)</subfield>
    <subfield code="e">Long Island (N.Y.)</subfield>
    <subfield code="2">naf</subfield>
  </datafield>
  <datafield tag="372" ind1=" " ind2=" ">
    <subfield code="a">Educational counseling</subfield>
    <subfield code="a">Historical fiction</subfield>
    <subfield code="2">lcsh</subfield>
  </datafield>
  <datafield tag="374" ind1=" " ind2=" ">
    <subfield code="a">Student counselors</subfield>
    <subfield code="a">Authors</subfield>
    <subfield code="2">lcsh</subfield>
  </datafield>
  <datafield tag="375" ind1=" " ind2=" ">
    <subfield code="a">Males</subfield>
    <subfield code="2">lcdgt</subfield>
  </datafield>
  <datafield tag="377" ind1=" " ind2=" ">
    <subfield code="a">eng</subfield>
  </datafield>
  <datafield tag="400" ind1="1" ind2=" ">
    <subfield code="a">Blumenthal, R. A.</subfield>
    <subfield code="q">(Richard A.)</subfield>
  </datafield>
  <datafield tag="670" ind1=" " ind2=" ">
    <subfield code="a">His Major decisions, c1990:</subfield>
    <subfield code="b">t.p. (Richard A. Blumenthal, M.S.) p. xii (school counselor, graduate of Long Island Univ.)</subfield>
  </datafield>
  <datafield tag="670" ind1=" " ind2=" ">
    <subfield code="a">Blumenthal, R. A. The freedom game, 2018:</subfield>
    <subfield code="b">title page (R.A. Blumenthal)</subfield>
  </datafield>
  <datafield tag="670" ind1=" " ind2=" ">
    <subfield code="a">Amazon, Jan. 3, 2020</subfield>
    <subfield code="b">(R.A. Blumenthal, Richard A. Blumenthal, author of Major decisions and The freedom game, born in Brooklyn, NY and raised mainly in Amityville, NY, he holds a Bachelor of Arts degree from SUNY College at Old Westbury and a Master of Science degree from Long Island University, where he studied Counseling, licensed as both a mental health counselor and a school counselor, Mr. Blumenthal is the originator of a cognitive behavioral treatment called Rational Suggestion Therapy,  he was awarded a United States patent for his invention of a computer hypnosis method, he currently resides in Long Island, NY)</subfield>
  </datafield>
  <datafield tag="953" ind1=" " ind2=" ">
    <subfield code="a">he13</subfield>
  </datafield>
</record>