
<record>
  <leader>00948cz  a2200229n  4500</leader>
  <controlfield tag="001">4054316</controlfield>
  <controlfield tag="003">DLC</controlfield>
  <controlfield tag="005">20200104073509.0</controlfield>
  <controlfield tag="008">940218n| azannaabn          |a aaa      </controlfield>
  <datafield tag="010" ind1=" " ind2=" ">
    <subfield code="a">n  94016633 </subfield>
    <subfield code="z">no 98046936 </subfield>
  </datafield>
  <datafield tag="035" ind1=" " ind2=" ">
    <subfield code="a">(OCoLC)oca03551346</subfield>
  </datafield>
  <datafield tag="040" ind1=" " ind2=" ">
    <subfield code="a">DLC</subfield>
    <subfield code="b">eng</subfield>
    <subfield code="e">rda</subfield>
    <subfield code="c">DLC</subfield>
    <subfield code="d">PPi-MA</subfield>
    <subfield code="d">NcU</subfield>
  </datafield>
  <datafield tag="046" ind1=" " ind2=" ">
    <subfield code="f">1920-03-10</subfield>
    <subfield code="g">1989-02-04</subfield>
    <subfield code="2">edtf</subfield>
  </datafield>
  <datafield tag="100" ind1="1" ind2=" ">
    <subfield code="a">Burns, Jethro</subfield>
  </datafield>
  <datafield tag="370" ind1=" " ind2=" ">
    <subfield code="c">United States</subfield>
    <subfield code="2">naf</subfield>
  </datafield>
  <datafield tag="374" ind1=" " ind2=" ">
    <subfield code="a">Country musicians</subfield>
    <subfield code="2">lcsh</subfield>
  </datafield>
  <datafield tag="400" ind1="1" ind2=" ">
    <subfield code="a">Burns, Kenneth C.</subfield>
  </datafield>
  <datafield tag="510" ind1="2" ind2=" ">
    <subfield code="w">r</subfield>
    <subfield code="i">Corporate body:</subfield>
    <subfield code="a">Homer and Jethro</subfield>
  </datafield>
  <datafield tag="670" ind1=" " ind2=" ">
    <subfield code="a">His Jethro Burns [SR] p1977:</subfield>
    <subfield code="b">label (Jethro Burns)</subfield>
  </datafield>
  <datafield tag="670" ind1=" " ind2=" ">
    <subfield code="a">McCloud, B. Definitive country</subfield>
    <subfield code="b">(Burns, Jethro; given name: Kenneth C. Burns; b. Mar. 10, 1920, Conasauga, Tenn., d. Feb. 4, 1989; mandolin, singer, guitar, composer, comedy)</subfield>
  </datafield>
  <datafield tag="670" ind1=" " ind2=" ">
    <subfield code="a">Stambler, I. Country music, c1997</subfield>
    <subfield code="b">(under Homer and Jethro: Jethro (Kenneth C. Burns); b. Mar. 10, 1920, Knoxville, Tenn., d. Feb. 4, 1989)</subfield>
  </datafield>
  <datafield tag="953" ind1=" " ind2=" ">
    <subfield code="a">ns24</subfield>
    <subfield code="b">vk08</subfield>
  </datafield>
</record>