
<record>
  <leader>01221cz  a2200265n  4500</leader>
  <controlfield tag="001">4075306</controlfield>
  <controlfield tag="003">DLC</controlfield>
  <controlfield tag="005">20200104073521.0</controlfield>
  <controlfield tag="008">950306n| azannaabn          |a aaa      </controlfield>
  <datafield tag="010" ind1=" " ind2=" ">
    <subfield code="a">n  95021553 </subfield>
    <subfield code="z">no2006088481</subfield>
  </datafield>
  <datafield tag="016" ind1=" " ind2=" ">
    <subfield code="a">0005H1635E</subfield>
  </datafield>
  <datafield tag="035" ind1=" " ind2=" ">
    <subfield code="a">(OCoLC)oca03787033</subfield>
  </datafield>
  <datafield tag="040" ind1=" " ind2=" ">
    <subfield code="a">DLC</subfield>
    <subfield code="b">eng</subfield>
    <subfield code="e">rda</subfield>
    <subfield code="c">DLC</subfield>
    <subfield code="d">DLC</subfield>
    <subfield code="d">CaOONL</subfield>
  </datafield>
  <datafield tag="042" ind1=" " ind2=" ">
    <subfield code="a">nlc</subfield>
  </datafield>
  <datafield tag="046" ind1=" " ind2=" ">
    <subfield code="f">1948-01-10</subfield>
    <subfield code="g">1990-10-30</subfield>
    <subfield code="2">edtf</subfield>
  </datafield>
  <datafield tag="100" ind1="1" ind2=" ">
    <subfield code="a">Russell, Craig</subfield>
    <subfield code="c">(Vocalist)</subfield>
  </datafield>
  <datafield tag="370" ind1=" " ind2=" ">
    <subfield code="a">Toronto (Ont.)</subfield>
    <subfield code="b">Toronto (Ont.)</subfield>
    <subfield code="2">naf</subfield>
  </datafield>
  <datafield tag="374" ind1=" " ind2=" ">
    <subfield code="a">Female impersonators</subfield>
    <subfield code="a">Actors</subfield>
    <subfield code="2">lcsh</subfield>
  </datafield>
  <datafield tag="400" ind1="1" ind2=" ">
    <subfield code="a">Eadie, Russell Craig</subfield>
  </datafield>
  <datafield tag="667" ind1=" " ind2=" ">
    <subfield code="a">Formerly on undifferentiated NAR  n  79106820</subfield>
  </datafield>
  <datafield tag="670" ind1=" " ind2=" ">
    <subfield code="a">Outrageous, p1977:</subfield>
    <subfield code="b">container (Craig Russell, vocals)</subfield>
  </datafield>
  <datafield tag="670" ind1=" " ind2=" ">
    <subfield code="a">Street, D. Craig Russell and his ladies, c1979 (a.e.)</subfield>
    <subfield code="b">(Craig Russell)</subfield>
  </datafield>
  <datafield tag="670" ind1=" " ind2=" ">
    <subfield code="a">Internet movie database, Mar. 1, 2005</subfield>
    <subfield code="b">(Craig Russell; birth name, Russell Craig Eadie, b. Jan. 10, 1948 in Toronto, Canada; d. Oct. 30, 1990 in Toronto, Canada; actor, female impersonator)</subfield>
  </datafield>
  <datafield tag="670" ind1=" " ind2=" ">
    <subfield code="a">Wikipedia, viewed on January 3, 2020</subfield>
    <subfield code="b">(Russell Craig Eadie; better known by his stage name Craig Russell; Canadian female impersonator and actor)</subfield>
    <subfield code="u">https://en.wikipedia.org/wiki/Craig_Russell_(Canadian_actor)</subfield>
  </datafield>
  <datafield tag="953" ind1=" " ind2=" ">
    <subfield code="a">vn06</subfield>
    <subfield code="b">td03</subfield>
  </datafield>
</record>