
<record>
  <leader>02205cz  a2200253n  4500</leader>
  <controlfield tag="001">4136803</controlfield>
  <controlfield tag="003">DLC</controlfield>
  <controlfield tag="005">20200104073511.0</controlfield>
  <controlfield tag="008">971017n| azannaabn          |a ana      </controlfield>
  <datafield tag="010" ind1=" " ind2=" ">
    <subfield code="a">n  97105133 </subfield>
    <subfield code="z">n  89144166 </subfield>
  </datafield>
  <datafield tag="035" ind1=" " ind2=" ">
    <subfield code="a">(OCoLC)oca04474879</subfield>
  </datafield>
  <datafield tag="040" ind1=" " ind2=" ">
    <subfield code="a">DLC</subfield>
    <subfield code="b">eng</subfield>
    <subfield code="e">rda</subfield>
    <subfield code="c">DLC</subfield>
    <subfield code="d">Uk</subfield>
    <subfield code="d">DLC</subfield>
    <subfield code="d">MoSU</subfield>
  </datafield>
  <datafield tag="046" ind1=" " ind2=" ">
    <subfield code="s">1988-06-28</subfield>
    <subfield code="2">edtf</subfield>
  </datafield>
  <datafield tag="110" ind1="2" ind2=" ">
    <subfield code="a">Catholic Church.</subfield>
    <subfield code="b">Congregatio pro Institutis Vitae Consecratae et Societatibus Vitae Apostolicae</subfield>
  </datafield>
  <datafield tag="370" ind1=" " ind2=" ">
    <subfield code="e">Vatican City</subfield>
    <subfield code="2">naf</subfield>
  </datafield>
  <datafield tag="410" ind1="2" ind2=" ">
    <subfield code="a">Catholic Church.</subfield>
    <subfield code="b">Kongregation für die Institute des Geweihten Lebens und die Gesellschaften des Apostolischen Lebens</subfield>
  </datafield>
  <datafield tag="410" ind1="2" ind2=" ">
    <subfield code="a">Catholic Church.</subfield>
    <subfield code="b">Congregazione per gli istituti di vita consacrata e le società di vita apostolica</subfield>
  </datafield>
  <datafield tag="410" ind1="2" ind2=" ">
    <subfield code="a">Catholic Church.</subfield>
    <subfield code="b">Congregation for Institutes of Consecrated Life and Societies of Apostolic Life</subfield>
  </datafield>
  <datafield tag="510" ind1="2" ind2=" ">
    <subfield code="w">r</subfield>
    <subfield code="i">Predecessor:</subfield>
    <subfield code="a">Catholic Church.</subfield>
    <subfield code="b">Congregatio pro Religiosis et Institutis Saecularibus</subfield>
  </datafield>
  <datafield tag="670" ind1=" " ind2=" ">
    <subfield code="a">Das brüderliche u. schwesterliche Leben in Gemeinschaft, 1994:</subfield>
    <subfield code="b">title page (Kongregation für die Institute des Geweihten Lebens und die Gesellschaften des Apostolischen Lebens)</subfield>
  </datafield>
  <datafield tag="670" ind1=" " ind2=" ">
    <subfield code="a">Annuario pontificio, 1996</subfield>
    <subfield code="b">(Congregazione per gli istituti di vita consacrata e le società di vita apostolica; Congregatio pro Institutis Vitae Consecratae et Societatibus Vitae Apostolicae)</subfield>
  </datafield>
  <datafield tag="670" ind1=" " ind2=" ">
    <subfield code="a">The service and authority of obedience, 2008:</subfield>
    <subfield code="b">title page (Congregation for Institutes of Consecrated Life and Societies of Apostolic Life)</subfield>
  </datafield>
  <datafield tag="670" ind1=" " ind2=" ">
    <subfield code="a">The Holy See official website (English-language version), viewed January 3, 2020:</subfield>
    <subfield code="b">link to Roman Curia page (Congregation for Institutes of Consecrated Life and Societies of Apostolic Life; it grew out of the Sacred Congregation for Consultations about Regulars, founded by Pope Sixtus V in 1586; its name was established as Congregatio pro Religiosis et Institutis Saecularibus by a constitution of Pope Paul VI, dated August 15, 1967; on June 28, 1988, Pope John Paul II changed its name to Congregatio pro Institutis Vitae Consecratae et Societatibus Vitae Apostolicae)</subfield>
    <subfield code="u">http://www.vatican.va/roman_curia/congregations/ccscrlife/documents/rc_con_ccscrlife_profile_en.html</subfield>
  </datafield>
  <datafield tag="953" ind1=" " ind2=" ">
    <subfield code="a">sh28</subfield>
    <subfield code="b">ec11</subfield>
  </datafield>
</record>