
<record>
  <leader>01885cz  a2200265n  4500</leader>
  <controlfield tag="001">4194433</controlfield>
  <controlfield tag="003">DLC</controlfield>
  <controlfield tag="005">20200104073345.0</controlfield>
  <controlfield tag="008">800508n| azannaabn          |a aaa      </controlfield>
  <datafield tag="010" ind1=" " ind2=" ">
    <subfield code="a">n  50022572 </subfield>
  </datafield>
  <datafield tag="035" ind1=" " ind2=" ">
    <subfield code="a">(OCoLC)oca00057991</subfield>
  </datafield>
  <datafield tag="040" ind1=" " ind2=" ">
    <subfield code="a">DLC</subfield>
    <subfield code="b">eng</subfield>
    <subfield code="e">rda</subfield>
    <subfield code="c">DLC</subfield>
    <subfield code="d">InU</subfield>
    <subfield code="d">GU</subfield>
    <subfield code="d">OCoLC</subfield>
    <subfield code="d">UPB</subfield>
  </datafield>
  <datafield tag="046" ind1=" " ind2=" ">
    <subfield code="f">1789-01-05</subfield>
    <subfield code="g">1834-12-05</subfield>
    <subfield code="2">edtf</subfield>
  </datafield>
  <datafield tag="053" ind1=" " ind2="0">
    <subfield code="a">PR5190.P3</subfield>
  </datafield>
  <datafield tag="100" ind1="1" ind2=" ">
    <subfield code="a">Pringle, Thomas,</subfield>
    <subfield code="d">1789-1834</subfield>
  </datafield>
  <datafield tag="370" ind1=" " ind2=" ">
    <subfield code="a">Roxburghshire (Scotland)</subfield>
    <subfield code="b">London (England)</subfield>
    <subfield code="2">naf</subfield>
  </datafield>
  <datafield tag="374" ind1=" " ind2=" ">
    <subfield code="a">Authors</subfield>
    <subfield code="a">Poets</subfield>
    <subfield code="a">Editors</subfield>
    <subfield code="a">Librarians</subfield>
    <subfield code="2">lcsh</subfield>
  </datafield>
  <datafield tag="375" ind1=" " ind2=" ">
    <subfield code="a">Males</subfield>
    <subfield code="2">lcdgt</subfield>
  </datafield>
  <datafield tag="377" ind1=" " ind2=" ">
    <subfield code="a">eng</subfield>
  </datafield>
  <datafield tag="400" ind1="1" ind2=" ">
    <subfield code="a">Pringl, Tomas,</subfield>
    <subfield code="d">1789-1834</subfield>
  </datafield>
  <datafield tag="670" ind1=" " ind2=" ">
    <subfield code="a">His South African sketches, 1902.</subfield>
  </datafield>
  <datafield tag="670" ind1=" " ind2=" ">
    <subfield code="a">Shkli︠a︡zh, I.M. Tomas Pringl--i︠u︡zhnoafrikanskiĭ demokrat, 1985.</subfield>
  </datafield>
  <datafield tag="670" ind1=" " ind2=" ">
    <subfield code="a">Oxford dictionary of national biography, via WWW, 26 December 2019</subfield>
    <subfield code="b">(Thomas Pringle, poet, journalist, and philanthropist, was born on Blaiklaw Farm near Kelso, Roxburghshire, on 5 January 1789, the third son of Robert Pringle, farmer, and Catherine Haitlie, daughter of a Berwickshire farmer; died in London on 5 December 1834; an accident at the age of three months left him permanently disabled and unable to walk without the aid of crutches. Wrote poetry; in 1817 he was invited to co-edit with James Cleghorn the newly established Edinburgh Monthly Magazine. He helped to relaunch Blackwood&apos;s Edinburgh Magazine in October 1817. Wrote &apos;The Autumnal Excursion and Other Poems. Emigrated to southern Africa, settling Glen-Lynden with other Scots settlers. Became librarian of the South African Public Library. Wrote &apos;The autumnal excursion&apos; and other poems, Narrative of a residency in South Africa, Some account of the present state of the English settlers in Albany, South Africa, and other works. Founded two periodicals. Returned to live in London in July 1826, where he later died.)</subfield>
  </datafield>
  <datafield tag="952" ind1=" " ind2=" ">
    <subfield code="a">RETRO</subfield>
  </datafield>
  <datafield tag="953" ind1=" " ind2=" ">
    <subfield code="a">xx00</subfield>
  </datafield>
</record>