
<record>
  <leader>01427cz  a2200229n  4500</leader>
  <controlfield tag="001">4217637</controlfield>
  <controlfield tag="003">DLC</controlfield>
  <controlfield tag="005">20200104073354.0</controlfield>
  <controlfield tag="008">790806n| azannaabn          |a ana      </controlfield>
  <datafield tag="010" ind1=" " ind2=" ">
    <subfield code="a">n  79065112 </subfield>
  </datafield>
  <datafield tag="035" ind1=" " ind2=" ">
    <subfield code="a">(OCoLC)oca00298035</subfield>
  </datafield>
  <datafield tag="040" ind1=" " ind2=" ">
    <subfield code="a">DLC</subfield>
    <subfield code="b">eng</subfield>
    <subfield code="e">rda</subfield>
    <subfield code="c">DLC</subfield>
    <subfield code="d">DNAL</subfield>
    <subfield code="d">OCoLC</subfield>
    <subfield code="d">DLC</subfield>
    <subfield code="d">WaPS</subfield>
  </datafield>
  <datafield tag="110" ind1="2" ind2=" ">
    <subfield code="a">Washington State University.</subfield>
    <subfield code="b">Wood Technology Section</subfield>
  </datafield>
  <datafield tag="410" ind1="1" ind2=" ">
    <subfield code="w">nnaa</subfield>
    <subfield code="a">Washington (State).</subfield>
    <subfield code="b">State University, Pullman.</subfield>
    <subfield code="b">Dept. of Materials Science &amp; Engineering.</subfield>
    <subfield code="b">Wood Technology Section.</subfield>
  </datafield>
  <datafield tag="410" ind1="2" ind2=" ">
    <subfield code="a">Washington State University.</subfield>
    <subfield code="b">Department of Materials Science &amp; Engineering.</subfield>
    <subfield code="b">Wood Technology Section</subfield>
  </datafield>
  <datafield tag="510" ind1="2" ind2=" ">
    <subfield code="w">b</subfield>
    <subfield code="a">Washington State University.</subfield>
    <subfield code="b">Wood Materials and Engineering Laboratory</subfield>
  </datafield>
  <datafield tag="510" ind1="2" ind2=" ">
    <subfield code="w">r</subfield>
    <subfield code="i">Hierarchical superior:</subfield>
    <subfield code="a">Washington State University.</subfield>
    <subfield code="b">Department of Materials Science and Engineering</subfield>
  </datafield>
  <datafield tag="670" ind1=" " ind2=" ">
    <subfield code="a">Washington State University Symposium on Particleboard, 8th, Pullman, Wash., 1974. Proceedings ... 1974, c1975.</subfield>
  </datafield>
  <datafield tag="670" ind1=" " ind2=" ">
    <subfield code="a">Maloney, T.M. Economic potential of dead softwood timber for fiber and wood based products (final report), 1981</subfield>
    <subfield code="b">(Wood Technology Section, Dept. of Materials Science and Engineering, Washington State University) [Info. from CU]</subfield>
  </datafield>
  <datafield tag="675" ind1=" " ind2=" ">
    <subfield code="a">Washington State University International Particleboard/Composite Materials Symposium. Proceedings, 1986: t.p. (Wood Materials and Engineering Laboratory, Washington State University)</subfield>
  </datafield>
  <datafield tag="952" ind1=" " ind2=" ">
    <subfield code="a">RETRO</subfield>
  </datafield>
  <datafield tag="953" ind1=" " ind2=" ">
    <subfield code="a">xx00</subfield>
    <subfield code="b">bl08</subfield>
  </datafield>
</record>