
<record>
  <leader>01550cz  a2200325n  4500</leader>
  <controlfield tag="001">4241435</controlfield>
  <controlfield tag="003">DLC</controlfield>
  <controlfield tag="005">20200104073402.0</controlfield>
  <controlfield tag="008">810107nc azannaabn          |b aaa      </controlfield>
  <datafield tag="010" ind1=" " ind2=" ">
    <subfield code="a">n  81000862 </subfield>
    <subfield code="z">n  85805234 </subfield>
  </datafield>
  <datafield tag="035" ind1=" " ind2=" ">
    <subfield code="a">(OCoLC)oca00547019</subfield>
  </datafield>
  <datafield tag="040" ind1=" " ind2=" ">
    <subfield code="a">DLC</subfield>
    <subfield code="b">eng</subfield>
    <subfield code="e">rda</subfield>
    <subfield code="c">DLC</subfield>
    <subfield code="d">DLC</subfield>
    <subfield code="d">OCoLC</subfield>
    <subfield code="d">MdRoLAC</subfield>
    <subfield code="d">MH</subfield>
  </datafield>
  <datafield tag="046" ind1=" " ind2=" ">
    <subfield code="f">1941</subfield>
    <subfield code="2">edtf</subfield>
  </datafield>
  <datafield tag="100" ind1="1" ind2=" ">
    <subfield code="a">Tan, Ruqian</subfield>
  </datafield>
  <datafield tag="375" ind1=" " ind2=" ">
    <subfield code="a">Males</subfield>
    <subfield code="2">lcdgt</subfield>
  </datafield>
  <datafield tag="400" ind1="1" ind2=" ">
    <subfield code="a">Tan, Ruqian,</subfield>
    <subfield code="d">1941-</subfield>
  </datafield>
  <datafield tag="400" ind1="1" ind2=" ">
    <subfield code="w">nne</subfield>
    <subfield code="a">Tʻan, Ju-chʻien</subfield>
  </datafield>
  <datafield tag="400" ind1="1" ind2=" ">
    <subfield code="a">Tan, Joken</subfield>
  </datafield>
  <datafield tag="400" ind1="1" ind2=" ">
    <subfield code="a">Tam, Yue-him</subfield>
  </datafield>
  <datafield tag="400" ind1="1" ind2=" ">
    <subfield code="a">譚汝謙</subfield>
  </datafield>
  <datafield tag="400" ind1="1" ind2=" ">
    <subfield code="a">谭汝谦</subfield>
  </datafield>
  <datafield tag="667" ind1=" " ind2=" ">
    <subfield code="a">Machine-derived non-Latin script reference project.</subfield>
  </datafield>
  <datafield tag="667" ind1=" " ind2=" ">
    <subfield code="a">Non-Latin script references not evaluated.</subfield>
  </datafield>
  <datafield tag="667" ind1=" " ind2=" ">
    <subfield code="a">Non-Latin script references reviewed in NACO CJK Funnel References Project.</subfield>
  </datafield>
  <datafield tag="670" ind1=" " ind2=" ">
    <subfield code="a">His Chung-kuo i Jih-pen shu tsung ho mu lu, 1980:</subfield>
    <subfield code="b">t.p. (Tʻan Ju-chʻien) postface (signed &amp; dated at the Chi. Univ. of Hong Kong, Hsin Ya Coll.)</subfield>
  </datafield>
  <datafield tag="670" ind1=" " ind2=" ">
    <subfield code="a">International Symposium on Sino-Japanese Cultural Interchange (1979 : Hong Kong). Sino-Japanese cultural interchange, 1985:</subfield>
    <subfield code="b">t.p. (Yue-him Tam; Tan Ju-chʻien [in Chinese characters])</subfield>
  </datafield>
  <datafield tag="670" ind1=" " ind2=" ">
    <subfield code="a">nuc85-23499: Author&apos;s In search of the Oriental ... 1975</subfield>
    <subfield code="b">(hdg. on WaU rept.: Tam, Yue-him, 1941- ; usage: Yue-him Tam)</subfield>
  </datafield>
  <datafield tag="670" ind1=" " ind2=" ">
    <subfield code="a">Voyages, migration, and the maritime Silk Road on China&apos;s global historical role, 2018:</subfield>
    <subfield code="b">ECIP title page (Yue-him Tam)</subfield>
  </datafield>
  <datafield tag="670" ind1=" " ind2=" ">
    <subfield code="a">OCLC #16169750, November 5, 2019</subfield>
    <subfield code="b">(access point: 譚汝謙 = Tan, Ruqian; usage: 譚汝謙 = Tan Ruqian)</subfield>
  </datafield>
  <datafield tag="953" ind1=" " ind2=" ">
    <subfield code="a">bl09</subfield>
    <subfield code="b">bl05</subfield>
  </datafield>
</record>