
<record>
  <leader>00805cz  a2200217n  4500</leader>
  <controlfield tag="001">4250587</controlfield>
  <controlfield tag="003">DLC</controlfield>
  <controlfield tag="005">20200104073410.0</controlfield>
  <controlfield tag="008">810831n| azannaabn          |a aaa      </controlfield>
  <datafield tag="010" ind1=" " ind2=" ">
    <subfield code="a">n  81095382 </subfield>
    <subfield code="z">n  82232039 </subfield>
  </datafield>
  <datafield tag="035" ind1=" " ind2=" ">
    <subfield code="a">(OCoLC)oca00640554</subfield>
  </datafield>
  <datafield tag="040" ind1=" " ind2=" ">
    <subfield code="a">DLC</subfield>
    <subfield code="b">eng</subfield>
    <subfield code="e">rda</subfield>
    <subfield code="c">DLC</subfield>
    <subfield code="d">DLC</subfield>
    <subfield code="d">MU</subfield>
    <subfield code="d">UPB</subfield>
    <subfield code="d">DLC</subfield>
    <subfield code="d">InU</subfield>
  </datafield>
  <datafield tag="100" ind1="1" ind2=" ">
    <subfield code="a">Balzac, Honoré de,</subfield>
    <subfield code="d">1799-1850.</subfield>
    <subfield code="t">Chef d&apos;oeuvre inconnu.</subfield>
    <subfield code="l">English</subfield>
  </datafield>
  <datafield tag="377" ind1=" " ind2=" ">
    <subfield code="a">eng</subfield>
  </datafield>
  <datafield tag="400" ind1="1" ind2=" ">
    <subfield code="a">Balzac, Honoré de,</subfield>
    <subfield code="d">1799-1850.</subfield>
    <subfield code="t">Hidden masterpiece</subfield>
  </datafield>
  <datafield tag="400" ind1="1" ind2=" ">
    <subfield code="a">Balzac, Honoré de,</subfield>
    <subfield code="d">1799-1850.</subfield>
    <subfield code="t">Hidden treasures</subfield>
  </datafield>
  <datafield tag="400" ind1="1" ind2=" ">
    <subfield code="a">Balzac, Honoré de,</subfield>
    <subfield code="d">1799-1850.</subfield>
    <subfield code="t">Unknown masterpiece</subfield>
  </datafield>
  <datafield tag="670" ind1=" " ind2=" ">
    <subfield code="a">His The hidden treasures, or, The adventures of Maitre Cornelius, 1953.</subfield>
  </datafield>
  <datafield tag="670" ind1=" " ind2=" ">
    <subfield code="a">His The unknown masterpiece, 1984.</subfield>
  </datafield>
  <datafield tag="670" ind1=" " ind2=" ">
    <subfield code="a">His The hidden masterpiece, 199-?</subfield>
  </datafield>
  <datafield tag="953" ind1=" " ind2=" ">
    <subfield code="a">bj46</subfield>
    <subfield code="b">bc09</subfield>
  </datafield>
</record>