
<record>
  <leader>01486cz  a2200289n  4500</leader>
  <controlfield tag="001">4260055</controlfield>
  <controlfield tag="003">DLC</controlfield>
  <controlfield tag="005">20200104073416.0</controlfield>
  <controlfield tag="008">820427n| azannaabn          |a aaa      </controlfield>
  <datafield tag="010" ind1=" " ind2=" ">
    <subfield code="a">n  82040032 </subfield>
  </datafield>
  <datafield tag="035" ind1=" " ind2=" ">
    <subfield code="a">(OCoLC)oca00737064</subfield>
  </datafield>
  <datafield tag="040" ind1=" " ind2=" ">
    <subfield code="a">DLC</subfield>
    <subfield code="b">eng</subfield>
    <subfield code="e">rda</subfield>
    <subfield code="c">DLC</subfield>
    <subfield code="d">OCoLC</subfield>
    <subfield code="d">DLC</subfield>
    <subfield code="d">OCUCA</subfield>
    <subfield code="d">CU-I</subfield>
  </datafield>
  <datafield tag="046" ind1=" " ind2=" ">
    <subfield code="f">18180511</subfield>
    <subfield code="g">1899</subfield>
  </datafield>
  <datafield tag="100" ind1="1" ind2=" ">
    <subfield code="a">James, Charles P.</subfield>
    <subfield code="q">(Charles Pinckney),</subfield>
    <subfield code="d">1818-1899</subfield>
  </datafield>
  <datafield tag="370" ind1=" " ind2=" ">
    <subfield code="a">Cincinnati, Ohio</subfield>
    <subfield code="b">Washington, D.C.</subfield>
    <subfield code="c">U.S.</subfield>
  </datafield>
  <datafield tag="373" ind1=" " ind2=" ">
    <subfield code="a">Cincinnati College. Law School</subfield>
    <subfield code="2">naf</subfield>
    <subfield code="s">1850</subfield>
    <subfield code="t">1856</subfield>
  </datafield>
  <datafield tag="373" ind1=" " ind2=" ">
    <subfield code="a">Georgetown University. School of Law</subfield>
    <subfield code="2">naf</subfield>
  </datafield>
  <datafield tag="374" ind1=" " ind2=" ">
    <subfield code="a">Judges</subfield>
    <subfield code="a">Law teachers</subfield>
    <subfield code="2">lcsh</subfield>
  </datafield>
  <datafield tag="375" ind1=" " ind2=" ">
    <subfield code="a">male</subfield>
  </datafield>
  <datafield tag="377" ind1=" " ind2=" ">
    <subfield code="a">eng</subfield>
  </datafield>
  <datafield tag="378" ind1=" " ind2=" ">
    <subfield code="q">Charles Pinckney</subfield>
  </datafield>
  <datafield tag="400" ind1="1" ind2=" ">
    <subfield code="a">James, Charles Pinckney,</subfield>
    <subfield code="d">1818-1899</subfield>
  </datafield>
  <datafield tag="670" ind1=" " ind2=" ">
    <subfield code="a">His Revision of the U.S. statutes as drafted by the commissioners appointed for that purpose, ca. 1971:</subfield>
    <subfield code="b">introd. (Charles P. James)</subfield>
  </datafield>
  <datafield tag="670" ind1=" " ind2=" ">
    <subfield code="a">Who was who in America, 1897-1942:</subfield>
    <subfield code="b">(James, Charles P.; associate justice of the supreme court of D.C.; born, Cincinnati, Ohio, May 11, 1818; professor of law at Cincinnati College, 1850-1856; judge superior court, Cincinnati; moved to Washington, D.C., 1864; 4 years professor of law at Georgetown University; member of commission to revise the US Statutes; appointed to district bench, 1879; home: Washington, D.C.; died in 1899)</subfield>
  </datafield>
  <datafield tag="670" ind1=" " ind2=" ">
    <subfield code="a">OCLC search, May 17, 2013:</subfield>
    <subfield code="b">(heading: James, Charles Pinckney, 1818-1899; James, Charles P.; usage: Charles P. James)</subfield>
  </datafield>
  <datafield tag="952" ind1=" " ind2=" ">
    <subfield code="a">RETRO</subfield>
  </datafield>
  <datafield tag="953" ind1=" " ind2=" ">
    <subfield code="a">xx00</subfield>
  </datafield>
</record>