
<record>
  <leader>02335cz  a2200505n  4500</leader>
  <controlfield tag="001">4263390</controlfield>
  <controlfield tag="003">DLC</controlfield>
  <controlfield tag="005">20200104073417.0</controlfield>
  <controlfield tag="008">820625nc azannaabn          |b aaa      </controlfield>
  <datafield tag="010" ind1=" " ind2=" ">
    <subfield code="a">n  82074092 </subfield>
  </datafield>
  <datafield tag="035" ind1=" " ind2=" ">
    <subfield code="a">(OCoLC)oca00770843</subfield>
  </datafield>
  <datafield tag="040" ind1=" " ind2=" ">
    <subfield code="a">DLC</subfield>
    <subfield code="b">eng</subfield>
    <subfield code="e">rda</subfield>
    <subfield code="c">DLC</subfield>
    <subfield code="d">DLC</subfield>
    <subfield code="d">OCoLC</subfield>
    <subfield code="d">InU</subfield>
    <subfield code="d">NNC</subfield>
    <subfield code="d">MH</subfield>
  </datafield>
  <datafield tag="046" ind1=" " ind2=" ">
    <subfield code="f">0597</subfield>
    <subfield code="g">0649</subfield>
    <subfield code="2">edtf</subfield>
  </datafield>
  <datafield tag="100" ind1="0" ind2=" ">
    <subfield code="a">Tang Taizong,</subfield>
    <subfield code="c">Emperor of China,</subfield>
    <subfield code="d">597-649</subfield>
  </datafield>
  <datafield tag="400" ind1="0" ind2=" ">
    <subfield code="w">nne</subfield>
    <subfield code="a">Tʻang Tʻai-tsung,</subfield>
    <subfield code="c">Emperor of China,</subfield>
    <subfield code="d">597-649</subfield>
  </datafield>
  <datafield tag="400" ind1="0" ind2=" ">
    <subfield code="a">Zhenguan,</subfield>
    <subfield code="c">Emperor of China,</subfield>
    <subfield code="d">597-649</subfield>
  </datafield>
  <datafield tag="400" ind1="1" ind2=" ">
    <subfield code="a">Li, Shimin,</subfield>
    <subfield code="c">Emperor of China,</subfield>
    <subfield code="d">597-649</subfield>
  </datafield>
  <datafield tag="400" ind1="0" ind2=" ">
    <subfield code="a">Zhengguan,</subfield>
    <subfield code="c">Emperor of China,</subfield>
    <subfield code="d">597-649</subfield>
  </datafield>
  <datafield tag="400" ind1="0" ind2=" ">
    <subfield code="a">Taizong,</subfield>
    <subfield code="c">Emperor of China,</subfield>
    <subfield code="d">597-649</subfield>
  </datafield>
  <datafield tag="400" ind1="1" ind2=" ">
    <subfield code="a">Li, Jimin,</subfield>
    <subfield code="c">Emperor of China,</subfield>
    <subfield code="d">597-649</subfield>
  </datafield>
  <datafield tag="400" ind1="0" ind2=" ">
    <subfield code="a">Tang Zhengguan,</subfield>
    <subfield code="c">Emperor of China,</subfield>
    <subfield code="d">597-649</subfield>
  </datafield>
  <datafield tag="400" ind1="0" ind2=" ">
    <subfield code="a">Chen-kuan,</subfield>
    <subfield code="c">Emperor of China,</subfield>
    <subfield code="d">597-649</subfield>
  </datafield>
  <datafield tag="400" ind1="1" ind2=" ">
    <subfield code="a">Lee, Sze-ming,</subfield>
    <subfield code="c">Emperor of China,</subfield>
    <subfield code="d">597-649</subfield>
  </datafield>
  <datafield tag="400" ind1="1" ind2=" ">
    <subfield code="a">Li, Shih-min,</subfield>
    <subfield code="c">Emperor of China,</subfield>
    <subfield code="d">597-649</subfield>
  </datafield>
  <datafield tag="400" ind1="0" ind2=" ">
    <subfield code="a">Cheng-kuan,</subfield>
    <subfield code="c">Emperor of China,</subfield>
    <subfield code="d">597-649</subfield>
  </datafield>
  <datafield tag="400" ind1="0" ind2=" ">
    <subfield code="a">Tʻai-tsung,</subfield>
    <subfield code="c">Emperor of China,</subfield>
    <subfield code="d">597-649</subfield>
  </datafield>
  <datafield tag="400" ind1="0" ind2=" ">
    <subfield code="a">Tae tsung,</subfield>
    <subfield code="c">Emperor of China,</subfield>
    <subfield code="d">597-649</subfield>
  </datafield>
  <datafield tag="400" ind1="1" ind2=" ">
    <subfield code="a">Li, Chi-min,</subfield>
    <subfield code="c">Emperor of China,</subfield>
    <subfield code="d">597-649</subfield>
  </datafield>
  <datafield tag="400" ind1="0" ind2=" ">
    <subfield code="a">Tʻang Cheng-kuan,</subfield>
    <subfield code="c">Emperor of China,</subfield>
    <subfield code="d">597-649</subfield>
  </datafield>
  <datafield tag="400" ind1="0" ind2=" ">
    <subfield code="a">Tō no Taisō,</subfield>
    <subfield code="c">Emperor of China,</subfield>
    <subfield code="d">597-649</subfield>
  </datafield>
  <datafield tag="400" ind1="1" ind2=" ">
    <subfield code="a">Ri, Seimin,</subfield>
    <subfield code="c">Emperor of China,</subfield>
    <subfield code="d">597-649</subfield>
  </datafield>
  <datafield tag="400" ind1="0" ind2=" ">
    <subfield code="a">Tang Tʻaejong,</subfield>
    <subfield code="c">Emperor of China,</subfield>
    <subfield code="d">597-649</subfield>
  </datafield>
  <datafield tag="400" ind1="0" ind2=" ">
    <subfield code="a">唐大宗,</subfield>
    <subfield code="c">Emperor of China,</subfield>
    <subfield code="d">597-649</subfield>
  </datafield>
  <datafield tag="400" ind1="0" ind2=" ">
    <subfield code="a">唐太宗,</subfield>
    <subfield code="c">Emperor of China,</subfield>
    <subfield code="d">597-649</subfield>
  </datafield>
  <datafield tag="400" ind1="0" ind2=" ">
    <subfield code="a">唐宗,</subfield>
    <subfield code="c">Emperor of China,</subfield>
    <subfield code="d">597-649</subfield>
  </datafield>
  <datafield tag="667" ind1=" " ind2=" ">
    <subfield code="a">Machine-derived non-Latin script reference project.</subfield>
  </datafield>
  <datafield tag="667" ind1=" " ind2=" ">
    <subfield code="a">Non-Latin script references not evaluated.</subfield>
  </datafield>
  <datafield tag="667" ind1=" " ind2=" ">
    <subfield code="a">Non-Latin script references reviewed in NACO CJK Funnel References Project.</subfield>
  </datafield>
  <datafield tag="670" ind1=" " ind2=" ">
    <subfield code="a">Fitzgerald, C. P. Son of Heaven ... 1933.</subfield>
  </datafield>
  <datafield tag="670" ind1=" " ind2=" ">
    <subfield code="a">His Tō no Taisō Onsen no mei ... 1985:</subfield>
    <subfield code="b">t.p. (Tō no Taisō) p. 79 (Ri Seimin; 598-649)</subfield>
  </datafield>
  <datafield tag="670" ind1=" " ind2=" ">
    <subfield code="a">Pak, C.N. Chewanghak, 1984:</subfield>
    <subfield code="b">p. 16 (Tang Tʻaejong)</subfield>
  </datafield>
  <datafield tag="670" ind1=" " ind2=" ">
    <subfield code="a">Wu, T.K. Tʻang Tʻai-tsung yü Chen-kuan chih chih, 1986:</subfield>
    <subfield code="b">p. 1 (b. 599)</subfield>
  </datafield>
  <datafield tag="670" ind1=" " ind2=" ">
    <subfield code="a">OCLC #20352134, November 8, 2019</subfield>
    <subfield code="b">(access point: 唐太宗, Emperor of China, 597-649 = Tang Taizong, Emperor of China, 597-649;  usage: 唐太宗 = Tang Taizong)</subfield>
  </datafield>
  <datafield tag="952" ind1=" " ind2=" ">
    <subfield code="a">RETRO</subfield>
  </datafield>
  <datafield tag="953" ind1=" " ind2=" ">
    <subfield code="a">xx00</subfield>
    <subfield code="b">bl03</subfield>
  </datafield>
</record>