
<record>
  <leader>01090cz  a2200253n  4500</leader>
  <controlfield tag="001">4276959</controlfield>
  <controlfield tag="003">DLC</controlfield>
  <controlfield tag="005">20200104205023.0</controlfield>
  <controlfield tag="008">840208n| azannaabn          |a aaa      </controlfield>
  <datafield tag="010" ind1=" " ind2=" ">
    <subfield code="a">n  82259322 </subfield>
  </datafield>
  <datafield tag="035" ind1=" " ind2=" ">
    <subfield code="a">(OCoLC)oca00895272</subfield>
  </datafield>
  <datafield tag="040" ind1=" " ind2=" ">
    <subfield code="a">DLC</subfield>
    <subfield code="b">eng</subfield>
    <subfield code="e">rda</subfield>
    <subfield code="c">DLC</subfield>
    <subfield code="d">DNGA</subfield>
    <subfield code="d">DLC</subfield>
  </datafield>
  <datafield tag="046" ind1=" " ind2=" ">
    <subfield code="f">1908-10-31</subfield>
    <subfield code="g">1996-05-05</subfield>
    <subfield code="2">edtf</subfield>
  </datafield>
  <datafield tag="100" ind1="1" ind2=" ">
    <subfield code="a">Sniffen, Harold S.</subfield>
    <subfield code="q">(Harold Scott),</subfield>
    <subfield code="d">1908-1996</subfield>
  </datafield>
  <datafield tag="370" ind1=" " ind2=" ">
    <subfield code="a">Newport News (Va.)</subfield>
    <subfield code="b">Hampton (Va.)</subfield>
    <subfield code="c">United States</subfield>
    <subfield code="2">naf</subfield>
  </datafield>
  <datafield tag="372" ind1=" " ind2=" ">
    <subfield code="a">Curatorship</subfield>
    <subfield code="2">lcsh</subfield>
  </datafield>
  <datafield tag="374" ind1=" " ind2=" ">
    <subfield code="a">Art museum curators</subfield>
    <subfield code="2">lcsh</subfield>
  </datafield>
  <datafield tag="375" ind1=" " ind2=" ">
    <subfield code="a">Males</subfield>
    <subfield code="2">lcdgt</subfield>
  </datafield>
  <datafield tag="377" ind1=" " ind2=" ">
    <subfield code="a">eng</subfield>
  </datafield>
  <datafield tag="400" ind1="1" ind2=" ">
    <subfield code="w">nnea</subfield>
    <subfield code="a">Sniffen, Harold S.</subfield>
    <subfield code="q">(Harold Scott),</subfield>
    <subfield code="d">1908-</subfield>
  </datafield>
  <datafield tag="670" ind1=" " ind2=" ">
    <subfield code="a">His The Jacobsen checklist, c1984:</subfield>
    <subfield code="b">CIP t.p. (Harold S. Sniffen; curator emeritus, the Mariners&apos; Museum) CIP data sheet (Harold Scott Sniffen; b. 10/31/08)</subfield>
  </datafield>
  <datafield tag="670" ind1=" " ind2=" ">
    <subfield code="a">Find a Grave WWW site, Oct. 19, 2018</subfield>
    <subfield code="b">(Harold Scott Sniffen, b. Newport News, Va., Oct. 31, 1908; d. Hampton, Va., May 5, 1996)</subfield>
  </datafield>
  <datafield tag="670" ind1=" " ind2=" ">
    <subfield code="a">Fold3 WWW site, Oct. 19, 2018</subfield>
    <subfield code="b">(Harold S. Sniffen; b. Oct. 31, 1908; d. May 5, 1996; last residence; Hampton, Va.)</subfield>
  </datafield>
  <datafield tag="953" ind1=" " ind2=" ">
    <subfield code="a">bd59</subfield>
  </datafield>
</record>