
<record>
  <leader>01701cz  a2200385n  4500</leader>
  <controlfield tag="001">4277166</controlfield>
  <controlfield tag="003">DLC</controlfield>
  <controlfield tag="005">20200104073504.0</controlfield>
  <controlfield tag="008">840328nc azannaabn          |b aaa      </controlfield>
  <datafield tag="010" ind1=" " ind2=" ">
    <subfield code="a">n  82266992 </subfield>
  </datafield>
  <datafield tag="035" ind1=" " ind2=" ">
    <subfield code="a">(OCoLC)oca01077749</subfield>
  </datafield>
  <datafield tag="040" ind1=" " ind2=" ">
    <subfield code="a">DLC</subfield>
    <subfield code="b">eng</subfield>
    <subfield code="e">rda</subfield>
    <subfield code="c">DLC</subfield>
    <subfield code="d">DLC</subfield>
    <subfield code="d">OCoLC</subfield>
    <subfield code="d">DLC-R</subfield>
    <subfield code="d">DLC</subfield>
    <subfield code="d">OCoLC</subfield>
    <subfield code="d">HkUST</subfield>
    <subfield code="d">DLC</subfield>
    <subfield code="d">MH</subfield>
  </datafield>
  <datafield tag="046" ind1=" " ind2=" ">
    <subfield code="s">1360</subfield>
    <subfield code="t">1368</subfield>
  </datafield>
  <datafield tag="053" ind1=" " ind2="0">
    <subfield code="a">PL2694.T3</subfield>
  </datafield>
  <datafield tag="100" ind1="1" ind2=" ">
    <subfield code="a">Tao, Zongyi,</subfield>
    <subfield code="d">active 1360-1368</subfield>
  </datafield>
  <datafield tag="400" ind1="1" ind2=" ">
    <subfield code="a">Tʻao, Chiu-chʻeng,</subfield>
    <subfield code="d">active 1360-1368</subfield>
  </datafield>
  <datafield tag="400" ind1="1" ind2=" ">
    <subfield code="a">Tao, Jiucheng,</subfield>
    <subfield code="d">active 1360-1368</subfield>
  </datafield>
  <datafield tag="400" ind1="1" ind2=" ">
    <subfield code="a">Tʻao, Nan-tsʻun,</subfield>
    <subfield code="d">active 1360-1368</subfield>
  </datafield>
  <datafield tag="400" ind1="1" ind2=" ">
    <subfield code="a">Tao, Nancun,</subfield>
    <subfield code="d">active 1360-1368</subfield>
  </datafield>
  <datafield tag="400" ind1="1" ind2=" ">
    <subfield code="w">nnea</subfield>
    <subfield code="a">Tʻao, Tsung-i,</subfield>
    <subfield code="d">fl. 1360-1368</subfield>
  </datafield>
  <datafield tag="400" ind1="1" ind2=" ">
    <subfield code="w">nnea</subfield>
    <subfield code="a">Tao, Zongyi,</subfield>
    <subfield code="d">fl. 1360-1368</subfield>
  </datafield>
  <datafield tag="400" ind1="1" ind2=" ">
    <subfield code="a">Tō, Sōgi,</subfield>
    <subfield code="d">active 1360-1368</subfield>
  </datafield>
  <datafield tag="400" ind1="1" ind2=" ">
    <subfield code="a">陶九成,</subfield>
    <subfield code="d">active 1360-1368</subfield>
  </datafield>
  <datafield tag="400" ind1="1" ind2=" ">
    <subfield code="a">陶南村,</subfield>
    <subfield code="d">active 1360-1368</subfield>
  </datafield>
  <datafield tag="400" ind1="1" ind2=" ">
    <subfield code="a">陶宗仪,</subfield>
    <subfield code="d">active 1360-1368</subfield>
  </datafield>
  <datafield tag="400" ind1="1" ind2=" ">
    <subfield code="a">陶宗儀,</subfield>
    <subfield code="d">active 1360-1368</subfield>
  </datafield>
  <datafield tag="667" ind1=" " ind2=" ">
    <subfield code="a">Machine-derived non-Latin script reference project.</subfield>
  </datafield>
  <datafield tag="667" ind1=" " ind2=" ">
    <subfield code="a">Non-Latin script references not evaluated.</subfield>
  </datafield>
  <datafield tag="667" ind1=" " ind2=" ">
    <subfield code="a">Non-Latin script references reviewed in NACO CJK Funnel References Project.</subfield>
  </datafield>
  <datafield tag="670" ind1=" " ind2=" ">
    <subfield code="a">His Shu shih hui yao, 1980?:</subfield>
    <subfield code="b">caption (陶宗儀 = Tʻao Tsung-i)</subfield>
  </datafield>
  <datafield tag="670" ind1=" " ind2=" ">
    <subfield code="a">LC data base, 3/22/84</subfield>
    <subfield code="b">(hdg.: Tʻao, Tsung-i, fl. 1360-1368)</subfield>
  </datafield>
  <datafield tag="670" ind1=" " ind2=" ">
    <subfield code="a">Ming. bio.</subfield>
    <subfield code="b">(陶宗儀 = Tʻao, Tsung-i; t. 九成 = Chiu-chʻeng; h. 南村 = Nan-tsʻun; ca. 1316-ca. 1402)</subfield>
  </datafield>
  <datafield tag="670" ind1=" " ind2=" ">
    <subfield code="a">Shina gakugei d.j.</subfield>
    <subfield code="b">(陶宗儀 = Tō Sōgi; [chi rdg: Tʻao Zongyi])</subfield>
  </datafield>
  <datafield tag="670" ind1=" " ind2=" ">
    <subfield code="a">OCLC #11159334, November 25, 2019</subfield>
    <subfield code="b">(access point: 陶宗儀, active 1360-1368 = Tao, Zongyi, active 1360-1368; usage: 陶宗儀 = Tao Zongyi)</subfield>
  </datafield>
  <datafield tag="953" ind1=" " ind2=" ">
    <subfield code="a">bl31</subfield>
    <subfield code="b">ta27</subfield>
  </datafield>
</record>