
<record>
  <leader>01497cz  a2200229n  4500</leader>
  <controlfield tag="001">4303429</controlfield>
  <controlfield tag="003">DLC</controlfield>
  <controlfield tag="005">20200104073455.0</controlfield>
  <controlfield tag="008">840524n| azannaabn          |a aaa      </controlfield>
  <datafield tag="010" ind1=" " ind2=" ">
    <subfield code="a">n  84106402 </subfield>
  </datafield>
  <datafield tag="035" ind1=" " ind2=" ">
    <subfield code="a">(OCoLC)oca01138063</subfield>
  </datafield>
  <datafield tag="040" ind1=" " ind2=" ">
    <subfield code="a">DLC</subfield>
    <subfield code="b">eng</subfield>
    <subfield code="e">rda</subfield>
    <subfield code="c">DLC</subfield>
    <subfield code="d">OCoLC</subfield>
    <subfield code="d">OU</subfield>
  </datafield>
  <datafield tag="046" ind1=" " ind2=" ">
    <subfield code="f">1904-01-16</subfield>
    <subfield code="g">1985-11-23</subfield>
    <subfield code="2">edtf</subfield>
  </datafield>
  <datafield tag="100" ind1="1" ind2=" ">
    <subfield code="a">Ohnsorge, Werner</subfield>
  </datafield>
  <datafield tag="370" ind1=" " ind2=" ">
    <subfield code="a">Dresden (Germany)</subfield>
    <subfield code="b">Neustadt an der Weinstrasse (Germany)</subfield>
    <subfield code="2">naf</subfield>
  </datafield>
  <datafield tag="374" ind1=" " ind2=" ">
    <subfield code="a">Byzantinists</subfield>
    <subfield code="a">Archivists</subfield>
    <subfield code="2">lcsh</subfield>
  </datafield>
  <datafield tag="375" ind1=" " ind2=" ">
    <subfield code="a">Males</subfield>
    <subfield code="2">lcdgt</subfield>
  </datafield>
  <datafield tag="378" ind1=" " ind2=" ">
    <subfield code="q">Ernst Werner Theodor</subfield>
  </datafield>
  <datafield tag="400" ind1="1" ind2=" ">
    <subfield code="a">Ohnsorge, Ernst Werner Theodor</subfield>
  </datafield>
  <datafield tag="670" ind1=" " ind2=" ">
    <subfield code="a">His Ost-Rom und der Westen, 1983:</subfield>
    <subfield code="b">t.p. (Werner Ohnsorge)</subfield>
  </datafield>
  <datafield tag="670" ind1=" " ind2=" ">
    <subfield code="a">Wikidata via Wikipedia, January 3, 2020</subfield>
    <subfield code="b">(alias: Werner Ohnsorge; instance of: human; date of birth: +1904-00-00T00:00:00Z; date of death: +1985-00-00T00:00:00Z; GND identifier: 13984564X; VIAF identifier: 2575074; LCAuth identifier: n84106402; BnF identifier: 12488189k; SUDOC authorities: 034090355; BAV (Vatican Library) identifier: ADV10173816; NUKAT authorities: n2011072990; ISNI (P213): 0000000122378846; NTA identifier (Netherlands): 068644876; sex or gender: male; given name: Werner; CONOR identifier: 112135011; occupation: byzantinist, archivist; employer: University of Hamburg; description/label: 1904 bis 1985 Geburtsort Dresden Sterbeort Neustadt/Weinstrasse Beruf/Funktion Byzantinist ; Archivar Konfession evangelisch Namensvarianten Ohnsorge, archivaris)</subfield>
    <subfield code="u">http://www.wikidata.org/entity/Q55847975</subfield>
  </datafield>
  <datafield tag="953" ind1=" " ind2=" ">
    <subfield code="a">ec07</subfield>
  </datafield>
</record>