
<record>
  <leader>01545cz  a2200337n  4500</leader>
  <controlfield tag="001">4312420</controlfield>
  <controlfield tag="003">DLC</controlfield>
  <controlfield tag="005">20200104073458.0</controlfield>
  <controlfield tag="008">841210nc azannaabn          |b aaa      </controlfield>
  <datafield tag="010" ind1=" " ind2=" ">
    <subfield code="a">n  84227402 </subfield>
  </datafield>
  <datafield tag="035" ind1=" " ind2=" ">
    <subfield code="a">(OCoLC)oca01232467</subfield>
  </datafield>
  <datafield tag="040" ind1=" " ind2=" ">
    <subfield code="a">DLC</subfield>
    <subfield code="b">eng</subfield>
    <subfield code="e">rda</subfield>
    <subfield code="c">DLC</subfield>
    <subfield code="d">DLC</subfield>
    <subfield code="d">OCoLC</subfield>
    <subfield code="d">NNC</subfield>
    <subfield code="d">MH</subfield>
  </datafield>
  <datafield tag="046" ind1=" " ind2=" ">
    <subfield code="f">18320519</subfield>
    <subfield code="g">18921007</subfield>
  </datafield>
  <datafield tag="100" ind1="1" ind2=" ">
    <subfield code="a">Tang, Tingshu,</subfield>
    <subfield code="d">1832-1892</subfield>
  </datafield>
  <datafield tag="370" ind1=" " ind2=" ">
    <subfield code="a">Zhongshan Xian (Guangdong Sheng, China)</subfield>
    <subfield code="2">naf</subfield>
  </datafield>
  <datafield tag="374" ind1=" " ind2=" ">
    <subfield code="a">Businessmen</subfield>
    <subfield code="2">lcsh</subfield>
  </datafield>
  <datafield tag="375" ind1=" " ind2=" ">
    <subfield code="a">male</subfield>
  </datafield>
  <datafield tag="400" ind1="1" ind2=" ">
    <subfield code="w">nne</subfield>
    <subfield code="a">Tʻang, Tʻing-shu,</subfield>
    <subfield code="d">1832-1892</subfield>
  </datafield>
  <datafield tag="400" ind1="1" ind2=" ">
    <subfield code="a">唐廷枢,</subfield>
    <subfield code="d">1832-1892</subfield>
  </datafield>
  <datafield tag="400" ind1="1" ind2=" ">
    <subfield code="a">唐廷樞,</subfield>
    <subfield code="d">1832-1892</subfield>
  </datafield>
  <datafield tag="400" ind1="1" ind2=" ">
    <subfield code="a">Tʻong, Ting-kü,</subfield>
    <subfield code="d">1832-1892</subfield>
  </datafield>
  <datafield tag="400" ind1="1" ind2=" ">
    <subfield code="a">Tang, Jie,</subfield>
    <subfield code="d">1832-1892</subfield>
  </datafield>
  <datafield tag="400" ind1="1" ind2=" ">
    <subfield code="a">唐杰,</subfield>
    <subfield code="d">1832-1892</subfield>
  </datafield>
  <datafield tag="667" ind1=" " ind2=" ">
    <subfield code="a">Machine-derived non-Latin script reference project.</subfield>
  </datafield>
  <datafield tag="667" ind1=" " ind2=" ">
    <subfield code="a">Non-Latin script references not evaluated.</subfield>
  </datafield>
  <datafield tag="667" ind1=" " ind2=" ">
    <subfield code="a">Non-Latin script references reviewed in NACO CJK Funnel References Project.</subfield>
  </datafield>
  <datafield tag="670" ind1=" " ind2=" ">
    <subfield code="a">Wang, C.Y. Tʻang Tʻing-shu yen chiu, 1983:</subfield>
    <subfield code="b">t.p. (Tʻang Tʻing-shu) p. 1 of 2nd group (1832-1892)</subfield>
  </datafield>
  <datafield tag="670" ind1=" " ind2=" ">
    <subfield code="a">Ying yu ji quan, 1862:</subfield>
    <subfield code="b">added t.p. (Tʻong Ting-kü)</subfield>
  </datafield>
  <datafield tag="670" ind1=" " ind2=" ">
    <subfield code="a">Bai du bai ke, viewed January 1, 2015</subfield>
    <subfield code="b">(唐廷枢 = Tang Tingshu; May 19, 1832-October 7, 1892; original name 唐杰 = Tang Jie; born in Guangdong Xiangshan Xian Tangjia Cun (currently Guangdong Sheng Zhuhai Shi Tangjiawan Zhen); businessmen; male)</subfield>
  </datafield>
  <datafield tag="670" ind1=" " ind2=" ">
    <subfield code="a">OCLC #174082362, November 19, 2019</subfield>
    <subfield code="b">(access point: 唐廷樞, 1832-1892 = Tang, Tingshu, 1832-1892; usage: 唐廷樞 = Tang Tingshu)</subfield>
  </datafield>
  <datafield tag="953" ind1=" " ind2=" ">
    <subfield code="a">bl22</subfield>
  </datafield>
</record>