
<record>
  <leader>00862cz  a2200241n  4500</leader>
  <controlfield tag="001">4320304</controlfield>
  <controlfield tag="003">DLC</controlfield>
  <controlfield tag="005">20200104073333.0</controlfield>
  <controlfield tag="008">850627n| azannaabn          |b aaa      </controlfield>
  <datafield tag="010" ind1=" " ind2=" ">
    <subfield code="a">n  85040292 </subfield>
  </datafield>
  <datafield tag="035" ind1=" " ind2=" ">
    <subfield code="a">(OCoLC)oca01373772</subfield>
  </datafield>
  <datafield tag="040" ind1=" " ind2=" ">
    <subfield code="a">DLC</subfield>
    <subfield code="b">eng</subfield>
    <subfield code="e">rda</subfield>
    <subfield code="c">DLC</subfield>
    <subfield code="d">DLC</subfield>
    <subfield code="d">OCoLC</subfield>
    <subfield code="d">WU</subfield>
  </datafield>
  <datafield tag="046" ind1=" " ind2=" ">
    <subfield code="f">1899-04-02</subfield>
    <subfield code="g">1968-12-05</subfield>
    <subfield code="2">edtf</subfield>
  </datafield>
  <datafield tag="100" ind1="1" ind2=" ">
    <subfield code="a">Simonov, Ruben,</subfield>
    <subfield code="d">1899-1968</subfield>
  </datafield>
  <datafield tag="375" ind1=" " ind2=" ">
    <subfield code="a">Males</subfield>
    <subfield code="2">lcdgt</subfield>
  </datafield>
  <datafield tag="377" ind1=" " ind2=" ">
    <subfield code="a">rus</subfield>
  </datafield>
  <datafield tag="400" ind1="1" ind2=" ">
    <subfield code="a">Симонов, Рубен,</subfield>
    <subfield code="d">1899-1968</subfield>
  </datafield>
  <datafield tag="400" ind1="1" ind2=" ">
    <subfield code="w">nnaa</subfield>
    <subfield code="a">Simonov, Ruben Nikolaevich</subfield>
  </datafield>
  <datafield tag="400" ind1="1" ind2=" ">
    <subfield code="a">Simonov, Ruben Nikolaevich,</subfield>
    <subfield code="d">1899-1968</subfield>
  </datafield>
  <datafield tag="667" ind1=" " ind2=" ">
    <subfield code="a">Non-Latin script reference not evaluated.</subfield>
  </datafield>
  <datafield tag="670" ind1=" " ind2=" ">
    <subfield code="a">Ruben Simonov, 1981:</subfield>
    <subfield code="b">t.p. (Ruben Simonov) p. 538 (Rubena Nikolaevicha Simonova; b. 4/2/1899) p. 548 (d. 12/5/1968)</subfield>
  </datafield>
  <datafield tag="670" ind1=" " ind2=" ">
    <subfield code="a">LC data base, 6/25/85</subfield>
    <subfield code="b">(hdg.: Simonov, Ruben Nikolaevich; usage: Ruben Simonov)</subfield>
  </datafield>
  <datafield tag="953" ind1=" " ind2=" ">
    <subfield code="a">ee17</subfield>
  </datafield>
</record>