
<record>
  <leader>01320cz  a2200313n  4500</leader>
  <controlfield tag="001">4346730</controlfield>
  <controlfield tag="003">DLC</controlfield>
  <controlfield tag="005">20200104073453.0</controlfield>
  <controlfield tag="008">860310nc azannaabn          |b aaa      </controlfield>
  <datafield tag="010" ind1=" " ind2=" ">
    <subfield code="a">n  85374602 </subfield>
  </datafield>
  <datafield tag="024" ind1="7" ind2=" ">
    <subfield code="a">21145688</subfield>
    <subfield code="2">viaf</subfield>
  </datafield>
  <datafield tag="035" ind1=" " ind2=" ">
    <subfield code="a">(OCoLC)oca01556776</subfield>
  </datafield>
  <datafield tag="040" ind1=" " ind2=" ">
    <subfield code="a">DLC</subfield>
    <subfield code="b">eng</subfield>
    <subfield code="e">rda</subfield>
    <subfield code="c">DLC</subfield>
    <subfield code="d">DLC</subfield>
    <subfield code="d">OCoLC</subfield>
    <subfield code="d">CtY</subfield>
    <subfield code="d">CU-EAST</subfield>
  </datafield>
  <datafield tag="053" ind1=" " ind2="0">
    <subfield code="a">PL2875.O13</subfield>
  </datafield>
  <datafield tag="100" ind1="1" ind2=" ">
    <subfield code="a">Guo, Chengqing</subfield>
  </datafield>
  <datafield tag="370" ind1=" " ind2=" ">
    <subfield code="f">Ningjin Xian (Shandong Sheng, China)</subfield>
    <subfield code="2">naf</subfield>
  </datafield>
  <datafield tag="375" ind1=" " ind2=" ">
    <subfield code="a">Males</subfield>
    <subfield code="2">lcdgt</subfield>
  </datafield>
  <datafield tag="377" ind1=" " ind2=" ">
    <subfield code="a">chi</subfield>
  </datafield>
  <datafield tag="400" ind1="1" ind2=" ">
    <subfield code="w">nne</subfield>
    <subfield code="a">Kuo, Chʻeng-chʻing</subfield>
  </datafield>
  <datafield tag="400" ind1="1" ind2=" ">
    <subfield code="a">郭澄淸</subfield>
  </datafield>
  <datafield tag="400" ind1="1" ind2=" ">
    <subfield code="a">郭澄清</subfield>
  </datafield>
  <datafield tag="400" ind1="1" ind2=" ">
    <subfield code="a">郭成清</subfield>
  </datafield>
  <datafield tag="667" ind1=" " ind2=" ">
    <subfield code="a">Non-Latin script references not evaluated.</subfield>
  </datafield>
  <datafield tag="667" ind1=" " ind2=" ">
    <subfield code="a">Non-Latin script references reviewed in NACO CJK Funnel References Project.</subfield>
  </datafield>
  <datafield tag="670" ind1=" " ind2=" ">
    <subfield code="a">His Lung-tʻan chi, 1985:</subfield>
    <subfield code="b">t.p. (Kuo Chʻeng-chʻing)</subfield>
  </datafield>
  <datafield tag="670" ind1=" " ind2=" ">
    <subfield code="a">Guo Chengqing duan pian xiao shuo xuan, 2005:</subfield>
    <subfield code="b">t.p. (郭澄清 = Guo Chengqing)</subfield>
  </datafield>
  <datafield tag="670" ind1=" " ind2=" ">
    <subfield code="a">Chinawriter WWW site, June 11, 2015</subfield>
    <subfield code="b">(male; orig. name: 郭成清 = Guo Chengqing; native of Ningjin, Shandong; author of: Da dao ji, Longtan ji, Jue dou, Li shi bei zhuang de hui sheng, She mi, Gong she de ren men, Xiao ba jiang, Mai miao fan qing, etc.)</subfield>
  </datafield>
  <datafield tag="670" ind1=" " ind2=" ">
    <subfield code="a">LCCN 79844447, January 3, 2020</subfield>
    <subfield code="b">(access point: 郭澄淸 = Guo, Chengqing; usage: 郭澄淸 = Guo Chengqing)</subfield>
  </datafield>
  <datafield tag="953" ind1=" " ind2=" ">
    <subfield code="a">bl22</subfield>
  </datafield>
</record>