
<record>
  <leader>01126cz  a2200241n  4500</leader>
  <controlfield tag="001">4383851</controlfield>
  <controlfield tag="003">DLC</controlfield>
  <controlfield tag="005">20200104073320.0</controlfield>
  <controlfield tag="008">880415n| azannaabn          |a aaa      </controlfield>
  <datafield tag="010" ind1=" " ind2=" ">
    <subfield code="a">n  87870892 </subfield>
  </datafield>
  <datafield tag="035" ind1=" " ind2=" ">
    <subfield code="a">(OCoLC)oca02252331</subfield>
  </datafield>
  <datafield tag="040" ind1=" " ind2=" ">
    <subfield code="a">DLC</subfield>
    <subfield code="b">eng</subfield>
    <subfield code="c">DLC</subfield>
    <subfield code="e">rda</subfield>
    <subfield code="d">DLC</subfield>
    <subfield code="d">OkU</subfield>
  </datafield>
  <datafield tag="046" ind1=" " ind2=" ">
    <subfield code="f">1912-10-31</subfield>
    <subfield code="g">1981-05-16</subfield>
    <subfield code="2">edtf</subfield>
  </datafield>
  <datafield tag="100" ind1="1" ind2=" ">
    <subfield code="a">Rouse, Blair,</subfield>
    <subfield code="d">1912-1981</subfield>
  </datafield>
  <datafield tag="400" ind1="1" ind2=" ">
    <subfield code="w">nnaa</subfield>
    <subfield code="a">Rouse, Blair</subfield>
  </datafield>
  <datafield tag="400" ind1="1" ind2=" ">
    <subfield code="a">Rouse, H. Blair</subfield>
    <subfield code="q">(Hubert Blair),</subfield>
    <subfield code="d">1912-1981</subfield>
  </datafield>
  <datafield tag="400" ind1="1" ind2=" ">
    <subfield code="a">Rouse, Hubert Blair,</subfield>
    <subfield code="d">1912-1981</subfield>
  </datafield>
  <datafield tag="670" ind1=" " ind2=" ">
    <subfield code="a">NUCMC data from Univ. Virginia Lib. for Wilson, J.S. Papers, 1921-1976</subfield>
    <subfield code="b">(Rouse, H. Blair)</subfield>
  </datafield>
  <datafield tag="670" ind1=" " ind2=" ">
    <subfield code="a">LC data base, 4-11-88</subfield>
    <subfield code="b">(hdg.: Rouse, Blair)</subfield>
  </datafield>
  <datafield tag="670" ind1=" " ind2=" ">
    <subfield code="a">Cont. Authrs., 4R</subfield>
    <subfield code="b">(Rouse, (Hubert) Blair; b. 1912)</subfield>
  </datafield>
  <datafield tag="670" ind1=" " ind2=" ">
    <subfield code="a">LC man. auth. cd.</subfield>
    <subfield code="b">(hdg.: Rouse, Blair; work cat.: Ellen Glasgow, [c1962], jacket: Dr. Rouse; prof. of English, Univ. of Arkansas; educated at Randolph-Macon College, Univ. of Virginia, and Univ. of Illinois)</subfield>
  </datafield>
  <datafield tag="670" ind1=" " ind2=" ">
    <subfield code="a">Findagrave, Jan. 2, 2020:</subfield>
    <subfield code="b">Hubert Blair Rouse (b. Oct. 31, 1912; d. May 16, 1981)</subfield>
    <subfield code="u">https://www.findagrave.com/memorial/183602967/hubert-blair-rouse</subfield>
  </datafield>
  <datafield tag="953" ind1=" " ind2=" ">
    <subfield code="a">vm09</subfield>
  </datafield>
</record>