
<record>
  <leader>01151cz  a2200229n  4500</leader>
  <controlfield tag="001">4433374</controlfield>
  <controlfield tag="003">DLC</controlfield>
  <controlfield tag="005">20200104051026.0</controlfield>
  <controlfield tag="008">890223n| azannaabn          |a aad      </controlfield>
  <datafield tag="010" ind1=" " ind2=" ">
    <subfield code="a">n  89610342 </subfield>
  </datafield>
  <datafield tag="035" ind1=" " ind2=" ">
    <subfield code="a">(OCoLC)oca02465176</subfield>
  </datafield>
  <datafield tag="035" ind1=" " ind2=" ">
    <subfield code="a">(Uk)002477858</subfield>
  </datafield>
  <datafield tag="040" ind1=" " ind2=" ">
    <subfield code="a">DLC</subfield>
    <subfield code="b">eng</subfield>
    <subfield code="e">rda</subfield>
    <subfield code="c">DLC</subfield>
    <subfield code="d">InU</subfield>
    <subfield code="d">Uk</subfield>
  </datafield>
  <datafield tag="046" ind1=" " ind2=" ">
    <subfield code="f">1874-11-10</subfield>
    <subfield code="g">1910-09-02</subfield>
    <subfield code="2">edtf</subfield>
  </datafield>
  <datafield tag="100" ind1="1" ind2=" ">
    <subfield code="a">Chabrier, Marcel,</subfield>
    <subfield code="d">1874-1910</subfield>
  </datafield>
  <datafield tag="370" ind1=" " ind2=" ">
    <subfield code="a">Paris (France)</subfield>
    <subfield code="b">Ieper (Belgium)</subfield>
    <subfield code="2">naf</subfield>
  </datafield>
  <datafield tag="374" ind1=" " ind2=" ">
    <subfield code="a">Authors</subfield>
    <subfield code="a">Novelists</subfield>
    <subfield code="2">lcsh</subfield>
  </datafield>
  <datafield tag="377" ind1=" " ind2=" ">
    <subfield code="a">fre</subfield>
  </datafield>
  <datafield tag="500" ind1="1" ind2=" ">
    <subfield code="a">Legrand-Chabrier,</subfield>
    <subfield code="d">active 1911</subfield>
  </datafield>
  <datafield tag="670" ind1=" " ind2=" ">
    <subfield code="a">nuc89-18099: Legrand, A. Remy de Gourmont [MI] c1925</subfield>
    <subfield code="b">(hdg. on NNC rept.: Chabrier, Marcel)</subfield>
  </datafield>
  <datafield tag="670" ind1=" " ind2=" ">
    <subfield code="a">BNF catalog, December 26, 2019</subfield>
    <subfield code="b">(heading: Chabrier, Marcel, 1874-1910; usage: Marcel Chabrier; Legrand-Chabrier; son of the composer, Emmanuel Chabrier; born, 1874-11-10, Paris, France; some records give birth date as 1875; died 1910-09-02, Ypres, Belgium; wrote with author André Legrand (1875-1949) who later kept the name Legrand-Chabrier after Marcel&apos;s death; Legrand-Chabrier is not a collective pseudonym although it may appear as one in specialized bibligraphies)</subfield>
  </datafield>
  <datafield tag="953" ind1=" " ind2=" ">
    <subfield code="a">ns23</subfield>
  </datafield>
</record>