
<record>
  <leader>01720cz  a2200313n  4500</leader>
  <controlfield tag="001">4448918</controlfield>
  <controlfield tag="003">DLC</controlfield>
  <controlfield tag="005">20200104073315.0</controlfield>
  <controlfield tag="008">900523n| azannaabn          |a aaa      </controlfield>
  <datafield tag="010" ind1=" " ind2=" ">
    <subfield code="a">n  90648642 </subfield>
  </datafield>
  <datafield tag="035" ind1=" " ind2=" ">
    <subfield code="a">(OCoLC)oca02748504</subfield>
  </datafield>
  <datafield tag="040" ind1=" " ind2=" ">
    <subfield code="a">DLC</subfield>
    <subfield code="b">eng</subfield>
    <subfield code="e">rda</subfield>
    <subfield code="c">DLC</subfield>
    <subfield code="d">DLC</subfield>
    <subfield code="d">PPi-MA</subfield>
  </datafield>
  <datafield tag="046" ind1=" " ind2=" ">
    <subfield code="f">1875-06-26</subfield>
    <subfield code="g">1962-12-06</subfield>
    <subfield code="2">edtf</subfield>
  </datafield>
  <datafield tag="100" ind1="1" ind2=" ">
    <subfield code="a">Rychlik, C. V.</subfield>
  </datafield>
  <datafield tag="370" ind1=" " ind2=" ">
    <subfield code="a">Cleveland (Ohio)</subfield>
    <subfield code="c">Czech Republic</subfield>
    <subfield code="c">United States</subfield>
    <subfield code="2">naf</subfield>
  </datafield>
  <datafield tag="374" ind1=" " ind2=" ">
    <subfield code="a">Violinists</subfield>
    <subfield code="a">Violin teachers</subfield>
    <subfield code="a">Composers</subfield>
    <subfield code="2">lcsh</subfield>
  </datafield>
  <datafield tag="375" ind1=" " ind2=" ">
    <subfield code="a">Males</subfield>
    <subfield code="2">lcdgt</subfield>
  </datafield>
  <datafield tag="378" ind1=" " ind2=" ">
    <subfield code="q">Charles Vaclav</subfield>
  </datafield>
  <datafield tag="400" ind1="1" ind2=" ">
    <subfield code="a">Rychlik, Charles V.</subfield>
  </datafield>
  <datafield tag="400" ind1="1" ind2=" ">
    <subfield code="a">Rychlík, Karel V.</subfield>
  </datafield>
  <datafield tag="670" ind1=" " ind2=" ">
    <subfield code="a">His Reverie, 194-?:</subfield>
    <subfield code="b">t.p. (C.V. Rychlik)</subfield>
  </datafield>
  <datafield tag="670" ind1=" " ind2=" ">
    <subfield code="a">Rychlik, C.V. Sonata for violin and viola, 1930:</subfield>
    <subfield code="b">t.p. (Charles V. Rychlík)</subfield>
  </datafield>
  <datafield tag="670" ind1=" " ind2=" ">
    <subfield code="a">Ceskoslovenský hudební slovník</subfield>
    <subfield code="b">(Rychlík, Charles (Karel) V.; b. 1875, Cleveland, Ohio, d. ?; Czech-American violinist, teacher, and composer)</subfield>
  </datafield>
  <datafield tag="670" ind1=" " ind2=" ">
    <subfield code="a">OCLC database, Apr. 11, 2012</subfield>
    <subfield code="b">(predominant usage in published scores: Charles V. Rychlík; in manuscripts: C.V. Rychlík, C.V. Rychlik)</subfield>
  </datafield>
  <datafield tag="670" ind1=" " ind2=" ">
    <subfield code="a">Case Western Reserve University WWW site, Apr. 11, 2012:</subfield>
    <subfield code="b">Encyclopedia of Cleveland history (Charles V. Rychlik; composer and music teacher; d. 1962)</subfield>
  </datafield>
  <datafield tag="670" ind1=" " ind2=" ">
    <subfield code="a">Social Security death index, Apr. 11, 2012</subfield>
    <subfield code="b">(Charles Rychlik; b. June 26, 1875, d. Dec. 1962)</subfield>
  </datafield>
  <datafield tag="670" ind1=" " ind2=" ">
    <subfield code="a">Case Western Reserve University WWW site, January 3, 2020:</subfield>
    <subfield code="b">Encyclopedia of Cleveland history (Rychlik, Charles Vaclav; born June 26, 1875, Cleveland, died December 6, 1962; composer and violinist; teacher; known for his Encyclopedia of violin technique)</subfield>
  </datafield>
  <datafield tag="675" ind1=" " ind2=" ">
    <subfield code="a">Bull;</subfield>
    <subfield code="a">Baker, 8th ed.;</subfield>
    <subfield code="a">New Grove;</subfield>
    <subfield code="a">Grove music online, Apr. 11, 2012</subfield>
  </datafield>
  <datafield tag="953" ind1=" " ind2=" ">
    <subfield code="a">vk22</subfield>
  </datafield>
</record>