
<record>
  <leader>00952cz  a2200205n  4500</leader>
  <controlfield tag="001">4461202</controlfield>
  <controlfield tag="003">DLC</controlfield>
  <controlfield tag="005">20200104073250.0</controlfield>
  <controlfield tag="008">910222n| acannaabn          |n aba      </controlfield>
  <datafield tag="010" ind1=" " ind2=" ">
    <subfield code="a">n  91018592 </subfield>
  </datafield>
  <datafield tag="035" ind1=" " ind2=" ">
    <subfield code="a">(OCoLC)oca02900533</subfield>
  </datafield>
  <datafield tag="040" ind1=" " ind2=" ">
    <subfield code="a">DLC</subfield>
    <subfield code="b">eng</subfield>
    <subfield code="c">DLC</subfield>
    <subfield code="d">FMU</subfield>
    <subfield code="d">DLC</subfield>
    <subfield code="d">PaPiCLS</subfield>
  </datafield>
  <datafield tag="100" ind1="1" ind2=" ">
    <subfield code="a">Landau, Jon</subfield>
  </datafield>
  <datafield tag="667" ind1=" " ind2=" ">
    <subfield code="a">THIS 1XX FIELD CANNOT BE USED UNDER RDA UNTIL THIS UNDIFFERENTIATED RECORD HAS BEEN HANDLED FOLLOWING THE GUIDELINES IN DCM Z1 008/32</subfield>
  </datafield>
  <datafield tag="670" ind1=" " ind2=" ">
    <subfield code="a">[Author of Attorneys&apos; guide to selective service and military case law]</subfield>
  </datafield>
  <datafield tag="670" ind1=" " ind2=" ">
    <subfield code="a">NUCMC data from Swarthmore College Peace Collection for CCCO/An Agency for Military and Draft Counseling. Records, 1948-</subfield>
    <subfield code="b">(Jon Landau; correspondent)</subfield>
  </datafield>
  <datafield tag="670" ind1=" " ind2=" ">
    <subfield code="a">LC data base, 2-22-91</subfield>
    <subfield code="b">(hdg.: Landau, Jon)</subfield>
  </datafield>
  <datafield tag="670" ind1=" " ind2=" ">
    <subfield code="a">Attorneys&apos; guide to selective service and military case law, 1972:</subfield>
    <subfield code="b">t.p. (Jon Landau)</subfield>
  </datafield>
  <datafield tag="667" ind1=" " ind2=" ">
    <subfield code="a">LAST IDENTITY ON UNDIFFERENTIATED RECORD; REPORTED FOR DELETION.</subfield>
  </datafield>
  <datafield tag="953" ind1=" " ind2=" ">
    <subfield code="a">vm03</subfield>
  </datafield>
</record>