
<record>
  <leader>01660cz  a2200361n  4500</leader>
  <controlfield tag="001">4497894</controlfield>
  <controlfield tag="003">DLC</controlfield>
  <controlfield tag="005">20200104073513.0</controlfield>
  <controlfield tag="008">930420nc azannaabn          |b aaa      </controlfield>
  <datafield tag="010" ind1=" " ind2=" ">
    <subfield code="a">nr 93014652 </subfield>
  </datafield>
  <datafield tag="035" ind1=" " ind2=" ">
    <subfield code="a">(OCoLC)oca03360661</subfield>
  </datafield>
  <datafield tag="040" ind1=" " ind2=" ">
    <subfield code="a">DLC-R</subfield>
    <subfield code="b">eng</subfield>
    <subfield code="e">rda</subfield>
    <subfield code="c">DLC-R</subfield>
    <subfield code="d">OCoLC</subfield>
    <subfield code="d">InU</subfield>
    <subfield code="d">OCoLC</subfield>
    <subfield code="d">HkUST</subfield>
    <subfield code="d">IEN</subfield>
    <subfield code="d">MH</subfield>
  </datafield>
  <datafield tag="046" ind1=" " ind2=" ">
    <subfield code="f">1953</subfield>
  </datafield>
  <datafield tag="100" ind1="1" ind2=" ">
    <subfield code="a">Tian, Tian</subfield>
  </datafield>
  <datafield tag="370" ind1=" " ind2=" ">
    <subfield code="f">Quyang Xian (China)</subfield>
    <subfield code="2">naf</subfield>
  </datafield>
  <datafield tag="373" ind1=" " ind2=" ">
    <subfield code="a">Beijing han shou da xue. Han yu yan wen xue xi</subfield>
  </datafield>
  <datafield tag="373" ind1=" " ind2=" ">
    <subfield code="a">Zhongguo zuo jia xie hui</subfield>
    <subfield code="2">naf</subfield>
    <subfield code="s">2003</subfield>
  </datafield>
  <datafield tag="374" ind1=" " ind2=" ">
    <subfield code="a">Authors</subfield>
    <subfield code="2">lcsh</subfield>
  </datafield>
  <datafield tag="375" ind1=" " ind2=" ">
    <subfield code="a">male</subfield>
  </datafield>
  <datafield tag="377" ind1=" " ind2=" ">
    <subfield code="a">chi</subfield>
  </datafield>
  <datafield tag="400" ind1="1" ind2=" ">
    <subfield code="w">nne</subfield>
    <subfield code="a">Tʻien, Tʻien</subfield>
  </datafield>
  <datafield tag="400" ind1="1" ind2=" ">
    <subfield code="a">田天</subfield>
  </datafield>
  <datafield tag="400" ind1="1" ind2=" ">
    <subfield code="a">Tian, Minke</subfield>
  </datafield>
  <datafield tag="400" ind1="1" ind2=" ">
    <subfield code="a">田民科</subfield>
  </datafield>
  <datafield tag="667" ind1=" " ind2=" ">
    <subfield code="a">Machine-derived non-Latin script reference project.</subfield>
  </datafield>
  <datafield tag="667" ind1=" " ind2=" ">
    <subfield code="a">Non-Latin script references not evaluated.</subfield>
  </datafield>
  <datafield tag="667" ind1=" " ind2=" ">
    <subfield code="a">Non-Latin script references reviewed in NACO CJK Funnel References Project.</subfield>
  </datafield>
  <datafield tag="670" ind1=" " ind2=" ">
    <subfield code="a">His Tʻien Tʻien pao kao wen hsüeh hsüan, 1991:</subfield>
    <subfield code="b">t.p. (田天 = Tʻien Tʻien)</subfield>
  </datafield>
  <datafield tag="670" ind1=" " ind2=" ">
    <subfield code="a">Ku ge zhen rong, 2003:</subfield>
    <subfield code="b">t.p. (田天 = Tian Tian) cover flap (real name: 田民科 = Tian Minke)</subfield>
  </datafield>
  <datafield tag="670" ind1=" " ind2=" ">
    <subfield code="a">Zhongguo zuo jia wang WWW site, Jan. 27, 2015</subfield>
    <subfield code="b">(田天 = Tian Tian; b. 1953; orig. name: 田民科 = Tian Minke; pen name: 黄克 = Huang Ke; native of Hebei Quyang; grad., Beijing han shou da xue Han yu yan wen xue xi; became member of Zhongguo zuo jia xie hui in 2003; authored novel Ku ge zhen rong, play Shang zhan, etc.)</subfield>
    <subfield code="u">http://www.chinawriter.com.cn/zxhy/member/4091.shtml</subfield>
  </datafield>
  <datafield tag="670" ind1=" " ind2=" ">
    <subfield code="a">OCLC #53343347, December 20, 2019</subfield>
    <subfield code="b">(access point: 田天 = Tian, Tian; usage: 田天 = Tian Tian)</subfield>
  </datafield>
  <datafield tag="953" ind1=" " ind2=" ">
    <subfield code="a">xx00</subfield>
  </datafield>
  <datafield tag="985" ind1=" " ind2=" ">
    <subfield code="c">RLIN</subfield>
    <subfield code="e">LSPC</subfield>
  </datafield>
</record>