
<record>
  <leader>01300cz  a2200229n  4500</leader>
  <controlfield tag="001">4502845</controlfield>
  <controlfield tag="003">DLC</controlfield>
  <controlfield tag="005">20200104073508.0</controlfield>
  <controlfield tag="008">930825n| azannaabn          |a ana     c</controlfield>
  <datafield tag="010" ind1=" " ind2=" ">
    <subfield code="a">nr 93032702 </subfield>
  </datafield>
  <datafield tag="035" ind1=" " ind2=" ">
    <subfield code="a">(OCoLC)oca03441152</subfield>
  </datafield>
  <datafield tag="040" ind1=" " ind2=" ">
    <subfield code="a">PPL</subfield>
    <subfield code="b">eng</subfield>
    <subfield code="e">rda</subfield>
    <subfield code="c">PPL</subfield>
    <subfield code="d">MWA</subfield>
    <subfield code="d">Uk</subfield>
    <subfield code="d">Uk</subfield>
    <subfield code="d">OCoLC</subfield>
    <subfield code="d">FU</subfield>
  </datafield>
  <datafield tag="046" ind1=" " ind2=" ">
    <subfield code="s">1842</subfield>
    <subfield code="t">1855</subfield>
    <subfield code="2">edtf</subfield>
  </datafield>
  <datafield tag="110" ind1="2" ind2=" ">
    <subfield code="a">Longman, Brown, Green, and Longmans</subfield>
  </datafield>
  <datafield tag="372" ind1=" " ind2=" ">
    <subfield code="a">Publishers and publishing</subfield>
    <subfield code="a">Booksellers</subfield>
    <subfield code="2">lcsh</subfield>
  </datafield>
  <datafield tag="510" ind1="2" ind2=" ">
    <subfield code="w">r</subfield>
    <subfield code="i">Predecessor:</subfield>
    <subfield code="a">Longman, Brown &amp; Co.</subfield>
  </datafield>
  <datafield tag="510" ind1="2" ind2=" ">
    <subfield code="w">r</subfield>
    <subfield code="i">Successor:</subfield>
    <subfield code="a">Longman, Brown, Green, Longmans, &amp; Roberts</subfield>
  </datafield>
  <datafield tag="670" ind1=" " ind2=" ">
    <subfield code="a">Fergusson, W. Notes and recollections of a professional life, 1846:</subfield>
    <subfield code="b">t.p. (Longman, Brown, Green, and Longmans)</subfield>
  </datafield>
  <datafield tag="670" ind1=" " ind2=" ">
    <subfield code="a">Essays in the history of publishing: in celebration of the 250th anniversary of the House of Longman 1724-1974:</subfield>
    <subfield code="b">p. 28 (Succession of imprints of the House of Longman ... (1832) Longman, Rees, Orme, Brown, Green and Longman ... (1842) Longman, Brown, Green and Longmans ... (1865) Longmans, Green, Reader and Dyer)</subfield>
  </datafield>
  <datafield tag="670" ind1=" " ind2=" ">
    <subfield code="a">Wallis, P. At the sign of the ship, 1974:</subfield>
    <subfield code="b">p. 40 (Succession of imprints of The House of Longman 1724-1974 ... (1841) Longman, Brown &amp; Co.; (1842) Longman, Brown, Green, and Longmans; (1856) Longman, Brown, Green, Longmans and Roberts)</subfield>
  </datafield>
  <datafield tag="953" ind1=" " ind2=" ">
    <subfield code="a">xx00</subfield>
  </datafield>
  <datafield tag="985" ind1=" " ind2=" ">
    <subfield code="c">RLIN</subfield>
    <subfield code="e">LSPC</subfield>
  </datafield>
</record>