
<record>
  <leader>01246cz  a2200253n  4500</leader>
  <controlfield tag="001">4503735</controlfield>
  <controlfield tag="003">DLC</controlfield>
  <controlfield tag="005">20200104073508.0</controlfield>
  <controlfield tag="008">930913n| azannaabn          |a aaa     c</controlfield>
  <datafield tag="010" ind1=" " ind2=" ">
    <subfield code="a">nr 93035952 </subfield>
  </datafield>
  <datafield tag="035" ind1=" " ind2=" ">
    <subfield code="a">(Uk)tb034971</subfield>
  </datafield>
  <datafield tag="035" ind1=" " ind2=" ">
    <subfield code="a">(OCoLC)oca03462653</subfield>
  </datafield>
  <datafield tag="040" ind1=" " ind2=" ">
    <subfield code="a">Uk/ESTC-NA</subfield>
    <subfield code="b">eng</subfield>
    <subfield code="e">rda</subfield>
    <subfield code="c">ESTC-NA</subfield>
    <subfield code="d">DLC</subfield>
    <subfield code="d">UPB</subfield>
  </datafield>
  <datafield tag="100" ind1="1" ind2=" ">
    <subfield code="a">Sharpe, John,</subfield>
    <subfield code="d">1769-1859</subfield>
  </datafield>
  <datafield tag="400" ind1="1" ind2=" ">
    <subfield code="a">Sharpe, J.</subfield>
    <subfield code="q">(John),</subfield>
    <subfield code="d">1769-1859</subfield>
  </datafield>
  <datafield tag="500" ind1="1" ind2=" ">
    <subfield code="w">r</subfield>
    <subfield code="i">Alternate identity:</subfield>
    <subfield code="a">Ninfield,</subfield>
    <subfield code="d">1769-1859</subfield>
  </datafield>
  <datafield tag="667" ind1=" " ind2=" ">
    <subfield code="a">Data provided by the ESTC/BL</subfield>
  </datafield>
  <datafield tag="670" ind1=" " ind2=" ">
    <subfield code="a">His The church, a poem, 1797:</subfield>
    <subfield code="b">t.p. (Rev. John Sharpe)</subfield>
  </datafield>
  <datafield tag="670" ind1=" " ind2=" ">
    <subfield code="a">Alumni Oxon.:</subfield>
    <subfield code="b">ser. 2 (Sharpe, John, matr. 1788 age 18; BA 1792; Rector of Castle Eaton, Wiltshire; d. 1859)</subfield>
  </datafield>
  <datafield tag="670" ind1=" " ind2=" ">
    <subfield code="a">NUC pre-56</subfield>
    <subfield code="b">(Sharpe, John, 1769-1859)</subfield>
  </datafield>
  <datafield tag="670" ind1=" " ind2=" ">
    <subfield code="a">LCCN 68055558: William, of Malmesbury. William of Malmesbury&apos;s Chronicle of the kings of England, 1968</subfield>
    <subfield code="b">(usage: Rev. J. Sharpe)</subfield>
  </datafield>
  <datafield tag="670" ind1=" " ind2=" ">
    <subfield code="a">ANQ, 2013:</subfield>
    <subfield code="b">volume 26, number 1, pages 20-23 (Identifying &quot;Ninfield&quot;: the contributions of John Sharpe to the Gentleman&apos;s magazine, 1795-98, [by] Emily Lorraine de Montluzin; Rev. John Sharp, 1769-1860, amateur poet who used the pseudonym Ninfield; rector of Castle Eaton and curate of Ninfield)</subfield>
  </datafield>
  <datafield tag="953" ind1=" " ind2=" ">
    <subfield code="a">xx00 ta30</subfield>
  </datafield>
  <datafield tag="985" ind1=" " ind2=" ">
    <subfield code="c">RLIN</subfield>
    <subfield code="e">LSPC</subfield>
  </datafield>
</record>