
<record>
  <leader>00493cz  a2200169n  4500</leader>
  <controlfield tag="001">4535445</controlfield>
  <controlfield tag="003">DLC</controlfield>
  <controlfield tag="005">20200104102243.0</controlfield>
  <controlfield tag="008">950209n| acannaab           |n aaa     c</controlfield>
  <datafield tag="010" ind1=" " ind2=" ">
    <subfield code="a">nr 95005172 </subfield>
  </datafield>
  <datafield tag="035" ind1=" " ind2=" ">
    <subfield code="a">(DLC)nr 95005172</subfield>
  </datafield>
  <datafield tag="040" ind1=" " ind2=" ">
    <subfield code="a">PP</subfield>
    <subfield code="b">eng</subfield>
    <subfield code="c">PP</subfield>
    <subfield code="d">DLC</subfield>
  </datafield>
  <datafield tag="100" ind1="1" ind2=" ">
    <subfield code="a">Reeves, S. K.,</subfield>
    <subfield code="c">Mrs.</subfield>
  </datafield>
  <datafield tag="670" ind1=" " ind2=" ">
    <subfield code="a">Her Larry Gilbert, 1883:</subfield>
    <subfield code="b">t.p. (Mrs. S.K. Reeves; author of Young Eagle, Amy Russell, Ben Ross, etc.)</subfield>
  </datafield>
  <datafield tag="670" ind1=" " ind2=" ">
    <subfield code="a">OCLC, 2/8/95</subfield>
    <subfield code="b">(hdg.: Reeves, S. K.)</subfield>
  </datafield>
  <datafield tag="953" ind1=" " ind2=" ">
    <subfield code="a">xx00</subfield>
  </datafield>
  <datafield tag="985" ind1=" " ind2=" ">
    <subfield code="c">RLG</subfield>
    <subfield code="e">LSPC</subfield>
  </datafield>
</record>