
<record>
  <leader>01681cz  a2200277n  4500</leader>
  <controlfield tag="001">4590505</controlfield>
  <controlfield tag="003">DLC</controlfield>
  <controlfield tag="005">20200104073440.0</controlfield>
  <controlfield tag="008">970708n| azannaabn          |a aaa     c</controlfield>
  <datafield tag="010" ind1=" " ind2=" ">
    <subfield code="a">no 97040722 </subfield>
  </datafield>
  <datafield tag="035" ind1=" " ind2=" ">
    <subfield code="a">(OCoLC)oca04380316</subfield>
  </datafield>
  <datafield tag="040" ind1=" " ind2=" ">
    <subfield code="a">NRU-Mus</subfield>
    <subfield code="b">eng</subfield>
    <subfield code="e">rda</subfield>
    <subfield code="c">NRU-Mus</subfield>
    <subfield code="d">DLC</subfield>
    <subfield code="d">PPi-MA</subfield>
  </datafield>
  <datafield tag="046" ind1=" " ind2=" ">
    <subfield code="k">1710</subfield>
    <subfield code="2">edtf</subfield>
  </datafield>
  <datafield tag="100" ind1="1" ind2=" ">
    <subfield code="a">Schickhard, Johann Christian,</subfield>
    <subfield code="d">approximately 1680-1762.</subfield>
    <subfield code="t">Sonatas,</subfield>
    <subfield code="m">recorder, oboes (2), viola da gamba, continuo,</subfield>
    <subfield code="n">op. 5</subfield>
  </datafield>
  <datafield tag="380" ind1=" " ind2=" ">
    <subfield code="a">Sonatas</subfield>
    <subfield code="a">Chamber music</subfield>
    <subfield code="2">lcgft</subfield>
  </datafield>
  <datafield tag="382" ind1="0" ind2=" ">
    <subfield code="a">recorder</subfield>
    <subfield code="n">1</subfield>
    <subfield code="a">oboe</subfield>
    <subfield code="n">2</subfield>
    <subfield code="p">violin</subfield>
    <subfield code="n">2</subfield>
    <subfield code="a">viola da gamba</subfield>
    <subfield code="n">1</subfield>
    <subfield code="a">continuo</subfield>
    <subfield code="2">lcmpt</subfield>
  </datafield>
  <datafield tag="383" ind1=" " ind2=" ">
    <subfield code="b">op. 5</subfield>
  </datafield>
  <datafield tag="400" ind1="1" ind2=" ">
    <subfield code="a">Schickhard, Johann Christian,</subfield>
    <subfield code="d">approximately 1680-1762.</subfield>
    <subfield code="t">Sonatas,</subfield>
    <subfield code="m">recorder, violins (2), viola da gamba, continuo,</subfield>
    <subfield code="n">op. 5</subfield>
  </datafield>
  <datafield tag="400" ind1="1" ind2=" ">
    <subfield code="w">nnea</subfield>
    <subfield code="a">Schickhard, Johann Christian,</subfield>
    <subfield code="d">approximately 1680-1762.</subfield>
    <subfield code="t">Sonatas,</subfield>
    <subfield code="m">woodwinds, viola da gamba, continuo,</subfield>
    <subfield code="n">op. 5</subfield>
  </datafield>
  <datafield tag="400" ind1="1" ind2=" ">
    <subfield code="w">nnea</subfield>
    <subfield code="a">Schickhard, Johann Christian,</subfield>
    <subfield code="d">ca. 1680-1762.</subfield>
    <subfield code="t">Sonatas,</subfield>
    <subfield code="m">woodwinds, viola da gamba, continuo,</subfield>
    <subfield code="n">op. 5</subfield>
  </datafield>
  <datafield tag="667" ind1=" " ind2=" ">
    <subfield code="a">Viola da gamba part differs from the continuo.</subfield>
  </datafield>
  <datafield tag="670" ind1=" " ind2=" ">
    <subfield code="a">Schickhard, J.C. Six sonates à une flute, deux haubois, une viole de gambe &amp; basse continue, 1997.</subfield>
  </datafield>
  <datafield tag="670" ind1=" " ind2=" ">
    <subfield code="a">OCLC, July 8, 1997</subfield>
    <subfield code="b">(hdg.: Sonatas, woodwinds, viola da gamba, continuo, op. 5; Sonatas, recorder, oboes (2), continuo, op. 5; usage: Six sonates à une flute, deux haubois, une viole de gambe &amp; basse continue; Sonata in D major opus 5 no. 2 for flute/recorder, two oboes, viola da gamba/violoncello/bassoon, and basso continuo)</subfield>
  </datafield>
  <datafield tag="670" ind1=" " ind2=" ">
    <subfield code="a">Grove music online, January 3, 2020</subfield>
    <subfield code="b">(other sonatas with bc: 6 as op. 5, rec, 2 ob/vn, va da gamba; published 1710)</subfield>
  </datafield>
  <datafield tag="953" ind1=" " ind2=" ">
    <subfield code="a">xx00</subfield>
  </datafield>
  <datafield tag="985" ind1=" " ind2=" ">
    <subfield code="c">OCLC</subfield>
    <subfield code="e">LSPC</subfield>
  </datafield>
</record>