
<record>
  <leader>01381cz  a2200277n  4500</leader>
  <controlfield tag="001">4610796</controlfield>
  <controlfield tag="003">DLC</controlfield>
  <controlfield tag="005">20200104073444.0</controlfield>
  <controlfield tag="008">980105nc azannaabn          |b aaa     c</controlfield>
  <datafield tag="010" ind1=" " ind2=" ">
    <subfield code="a">nr 98000172 </subfield>
  </datafield>
  <datafield tag="035" ind1=" " ind2=" ">
    <subfield code="a">(OCoLC)oca04607954</subfield>
  </datafield>
  <datafield tag="040" ind1=" " ind2=" ">
    <subfield code="a">NjP</subfield>
    <subfield code="b">eng</subfield>
    <subfield code="e">rda</subfield>
    <subfield code="c">NjP</subfield>
    <subfield code="d">OCoLC</subfield>
    <subfield code="d">CU-S</subfield>
  </datafield>
  <datafield tag="046" ind1=" " ind2=" ">
    <subfield code="f">1972</subfield>
    <subfield code="2">edtf</subfield>
  </datafield>
  <datafield tag="100" ind1="1" ind2=" ">
    <subfield code="a">Qi, Si,</subfield>
    <subfield code="d">1972-</subfield>
  </datafield>
  <datafield tag="374" ind1=" " ind2=" ">
    <subfield code="a">Poets</subfield>
    <subfield code="2">lcsh</subfield>
  </datafield>
  <datafield tag="400" ind1="1" ind2=" ">
    <subfield code="w">nne</subfield>
    <subfield code="a">Chʻi, Ssu,</subfield>
    <subfield code="d">1972-</subfield>
  </datafield>
  <datafield tag="400" ind1="0" ind2=" ">
    <subfield code="a">Qisi,</subfield>
    <subfield code="d">1972-</subfield>
  </datafield>
  <datafield tag="400" ind1="0" ind2=" ">
    <subfield code="a">Chʻi-ssu,</subfield>
    <subfield code="d">1972-</subfield>
  </datafield>
  <datafield tag="400" ind1="1" ind2=" ">
    <subfield code="a">齊思,</subfield>
    <subfield code="d">1972-</subfield>
  </datafield>
  <datafield tag="500" ind1="1" ind2=" ">
    <subfield code="w">r</subfield>
    <subfield code="i">Real identity:</subfield>
    <subfield code="a">Deng, Junjie,</subfield>
    <subfield code="d">1972-</subfield>
  </datafield>
  <datafield tag="667" ind1=" " ind2=" ">
    <subfield code="a">Machine-derived non-Latin script reference project.</subfield>
  </datafield>
  <datafield tag="667" ind1=" " ind2=" ">
    <subfield code="a">Non-Latin script reference not evaluated.</subfield>
  </datafield>
  <datafield tag="670" ind1=" " ind2=" ">
    <subfield code="a">Ao-men Hua wen wen hsüeh yen chiu tzu liao mu lu ... 1996:</subfield>
    <subfield code="b">t.p. (Teng Chün-chieh) p. i, etc. (poet; pseud. Chʻi Ssu; b. 1972, Canton; studies at Ao-men ta hsüeh Chung wen hsi; pub. poetry collection &quot;Tzu pai&quot; in 1994 under name Chʻi Ssu)</subfield>
  </datafield>
  <datafield tag="670" ind1=" " ind2=" ">
    <subfield code="a">Aomen xu ni tu shu guan website, Jan. 2, 2020</subfield>
    <subfield code="b">(齊思 = Qi Si; original name 鄧駿捷 = Deng Junjie; born 1972 in Guangzhou; moved to Aomen; studied at Aomen da xue Zhong wen xi; published 自白 = Zi bai, a poetry collection in 1994; editor of 澳門華文文學研究資料目錄 = Aomen Hua wen wen xue yan jiu zi liao mu lu; poet)</subfield>
    <subfield code="u">https://www.macaudata.com/macaubook/book075/html/92701.htm</subfield>
  </datafield>
  <datafield tag="953" ind1=" " ind2=" ">
    <subfield code="a">xx00</subfield>
  </datafield>
  <datafield tag="985" ind1=" " ind2=" ">
    <subfield code="c">RLG</subfield>
    <subfield code="e">LSPC</subfield>
  </datafield>
</record>