
<record>
  <leader>01847cz  a2200265n  4500</leader>
  <controlfield tag="001">4617032</controlfield>
  <controlfield tag="003">DLC</controlfield>
  <controlfield tag="005">20200104073443.0</controlfield>
  <controlfield tag="008">980115n| azannaabn          |n aad     c</controlfield>
  <datafield tag="010" ind1=" " ind2=" ">
    <subfield code="a">no 98021712 </subfield>
  </datafield>
  <datafield tag="035" ind1=" " ind2=" ">
    <subfield code="a">(OCoLC)oca04599520</subfield>
  </datafield>
  <datafield tag="040" ind1=" " ind2=" ">
    <subfield code="a">OCoLC</subfield>
    <subfield code="b">eng</subfield>
    <subfield code="e">rda</subfield>
    <subfield code="c">OCoLC</subfield>
    <subfield code="d">OOC</subfield>
  </datafield>
  <datafield tag="100" ind1="1" ind2=" ">
    <subfield code="a">Butler, Angeline</subfield>
  </datafield>
  <datafield tag="370" ind1=" " ind2=" ">
    <subfield code="a">Columbia (S.C.)</subfield>
    <subfield code="2">naf</subfield>
  </datafield>
  <datafield tag="373" ind1=" " ind2=" ">
    <subfield code="a">John Jay College of Criminal Justice</subfield>
    <subfield code="2">naf</subfield>
  </datafield>
  <datafield tag="373" ind1=" " ind2=" ">
    <subfield code="a">Pilgrims (Musical group)</subfield>
    <subfield code="2">naf</subfield>
  </datafield>
  <datafield tag="373" ind1=" " ind2=" ">
    <subfield code="a">Student Nonviolent Coordinating Committee (U.S.)</subfield>
    <subfield code="2">naf</subfield>
  </datafield>
  <datafield tag="373" ind1=" " ind2=" ">
    <subfield code="a">Metropolitan Opera (New York, N.Y.)</subfield>
    <subfield code="2">naf</subfield>
    <subfield code="s">2003</subfield>
    <subfield code="t">2011</subfield>
  </datafield>
  <datafield tag="374" ind1=" " ind2=" ">
    <subfield code="a">Singers</subfield>
    <subfield code="a">Actors</subfield>
    <subfield code="a">University and college faculty members</subfield>
    <subfield code="2">lcdgt</subfield>
  </datafield>
  <datafield tag="374" ind1=" " ind2=" ">
    <subfield code="a">Civil rights workers</subfield>
    <subfield code="2">lcsh</subfield>
  </datafield>
  <datafield tag="667" ind1=" " ind2=" ">
    <subfield code="a">Machine-derived authority record.</subfield>
  </datafield>
  <datafield tag="670" ind1=" " ind2=" ">
    <subfield code="a">LCCN 93-700584: Impressions, 197-?</subfield>
  </datafield>
  <datafield tag="670" ind1=" " ind2=" ">
    <subfield code="a">John Jay College of Criminal Justice WWW site, January 3, 2020:</subfield>
    <subfield code="b">Faculty (Angeline Butler; adjunct instructor; born Columbia, South Carolina; singer and actor, appearing on television, in theater, and on recordings (Angeline Butler/Impressions on CoBurt-MGM Records and The Pilgrims/Just arrived on Columbia Records); an original coordinator and participant the Nashville sit-ins, a founder of the Student Nonviolent Coordinating Committee (SNCC), a coordinator of the 1961 Freedom Rides, a coordinator of voter education and registration drives, a participant in the 1960 Congress on Racial Equality (CORE) “Miami Summer” with James Farmer, an organizer of the 1963 March on Washington, and the Crisfield, Maryland Movement in December 1961; earned a Master of Arts Degree in Music and Ethnomusicology at Columbia University (New York); was a company member at the Metropolitan Opera 2003-2011 and worked at the Los Angeles Opera 1996-97)</subfield>
    <subfield code="u">https://www.jjay.cuny.edu/faculty/angeline-butler</subfield>
  </datafield>
  <datafield tag="953" ind1=" " ind2=" ">
    <subfield code="a">xx00</subfield>
  </datafield>
  <datafield tag="985" ind1=" " ind2=" ">
    <subfield code="c">OCLC</subfield>
    <subfield code="e">LSPC</subfield>
  </datafield>
</record>