
<record>
  <leader>01194cz  a2200265n  4500</leader>
  <controlfield tag="001">4618837</controlfield>
  <controlfield tag="003">DLC</controlfield>
  <controlfield tag="005">20200104073444.0</controlfield>
  <controlfield tag="008">980116n| azannaabn          |a aaa     c</controlfield>
  <datafield tag="010" ind1=" " ind2=" ">
    <subfield code="a">no 98027832 </subfield>
  </datafield>
  <datafield tag="035" ind1=" " ind2=" ">
    <subfield code="a">(OCoLC)oca04606399</subfield>
  </datafield>
  <datafield tag="040" ind1=" " ind2=" ">
    <subfield code="a">OBgU-MA</subfield>
    <subfield code="b">eng</subfield>
    <subfield code="e">rda</subfield>
    <subfield code="c">OBgU-MA</subfield>
    <subfield code="d">OBgU</subfield>
    <subfield code="d">OO</subfield>
  </datafield>
  <datafield tag="046" ind1=" " ind2=" ">
    <subfield code="f">1951-01-29</subfield>
    <subfield code="2">edtf</subfield>
  </datafield>
  <datafield tag="053" ind1=" " ind2="0">
    <subfield code="a">ML419.C676</subfield>
    <subfield code="c">Biography</subfield>
  </datafield>
  <datafield tag="100" ind1="1" ind2=" ">
    <subfield code="a">Cornelius</subfield>
  </datafield>
  <datafield tag="370" ind1=" " ind2=" ">
    <subfield code="a">Vienna (Austria)</subfield>
    <subfield code="2">naf</subfield>
  </datafield>
  <datafield tag="374" ind1=" " ind2=" ">
    <subfield code="a">Musicians</subfield>
    <subfield code="2">lcsh</subfield>
  </datafield>
  <datafield tag="400" ind1="1" ind2=" ">
    <subfield code="a">Cornelius, Peter,</subfield>
    <subfield code="d">1951-</subfield>
  </datafield>
  <datafield tag="510" ind1="2" ind2=" ">
    <subfield code="w">r</subfield>
    <subfield code="i">Corporate body:</subfield>
    <subfield code="a">Enigma (Musical group)</subfield>
  </datafield>
  <datafield tag="670" ind1=" " ind2=" ">
    <subfield code="a">Cornelius. In bewegung [SR] 1990:</subfield>
    <subfield code="b">label (Cornelius, vocals, guitar, and keyboards) container (Peter Cornelius)</subfield>
  </datafield>
  <datafield tag="670" ind1=" " ind2=" ">
    <subfield code="a">Peter Cornelius, 2018:</subfield>
    <subfield code="b">title page (Peter Cornelius) dust jacket (Peter Cornelius wird 1951 in Wien geboren)</subfield>
  </datafield>
  <datafield tag="670" ind1=" " ind2=" ">
    <subfield code="a">Peter Cornelius, 2018:</subfield>
    <subfield code="b">title page (Peter Cornelius) dust jacket (Peter Cornelius was born in Vienna [Austria])</subfield>
  </datafield>
  <datafield tag="670" ind1=" " ind2=" ">
    <subfield code="a">Wikipedia, viewed October 16, 2019</subfield>
    <subfield code="b">(Peter Cornelius (born 29 January 1951 in Vienna, Austria) is an Austrian pop-singer, guitarist and a former member of Enigma)</subfield>
    <subfield code="u">https://en.wikipedia.org/wiki/Peter_Cornelius_(musician)</subfield>
  </datafield>
  <datafield tag="953" ind1=" " ind2=" ">
    <subfield code="a">xx00</subfield>
  </datafield>
  <datafield tag="985" ind1=" " ind2=" ">
    <subfield code="c">OCLC</subfield>
    <subfield code="e">LSPC</subfield>
  </datafield>
</record>