
<record>
  <leader>00642cz  a2200181n  4500</leader>
  <controlfield tag="001">4628985</controlfield>
  <controlfield tag="003">DLC</controlfield>
  <controlfield tag="005">20200104073446.0</controlfield>
  <controlfield tag="008">980312n| azannaabn          |a aaa     c</controlfield>
  <datafield tag="010" ind1=" " ind2=" ">
    <subfield code="a">no 98071242 </subfield>
  </datafield>
  <datafield tag="035" ind1=" " ind2=" ">
    <subfield code="a">(OCoLC)oca04680046</subfield>
  </datafield>
  <datafield tag="040" ind1=" " ind2=" ">
    <subfield code="a">WU</subfield>
    <subfield code="b">eng</subfield>
    <subfield code="e">rda</subfield>
    <subfield code="c">WU</subfield>
    <subfield code="d">WU</subfield>
  </datafield>
  <datafield tag="046" ind1=" " ind2=" ">
    <subfield code="k">1906</subfield>
    <subfield code="2">edtf</subfield>
  </datafield>
  <datafield tag="100" ind1="1" ind2=" ">
    <subfield code="a">Thun, Alphons,</subfield>
    <subfield code="d">1854-1886.</subfield>
    <subfield code="t">Geschichte der revolutionären Bewegungen in Russland.</subfield>
    <subfield code="l">Russian</subfield>
  </datafield>
  <datafield tag="400" ind1="1" ind2=" ">
    <subfield code="a">Thun, Alphons,</subfield>
    <subfield code="d">1854-1886.</subfield>
    <subfield code="t">Istorīi︠a︡ revoli︠u︡t︠s︡īonnykh dvizhenīĭ v Rossīi</subfield>
  </datafield>
  <datafield tag="670" ind1=" " ind2=" ">
    <subfield code="a">Istorīi︠a︡ revoli︠u︡t︠s︡īonnykh dvizhenīĭ v Rossīi, 1906.</subfield>
  </datafield>
  <datafield tag="953" ind1=" " ind2=" ">
    <subfield code="a">xx00</subfield>
  </datafield>
  <datafield tag="985" ind1=" " ind2=" ">
    <subfield code="c">OCLC</subfield>
    <subfield code="e">LSPC</subfield>
  </datafield>
</record>