
<record>
  <leader>01148cz  a2200229n  4500</leader>
  <controlfield tag="001">4636433</controlfield>
  <controlfield tag="003">DLC</controlfield>
  <controlfield tag="005">20200104073426.0</controlfield>
  <controlfield tag="008">980918n| azannaabn          |n aaa     c</controlfield>
  <datafield tag="010" ind1=" " ind2=" ">
    <subfield code="a">no 98109232 </subfield>
  </datafield>
  <datafield tag="035" ind1=" " ind2=" ">
    <subfield code="a">(OCoLC)oca04817943</subfield>
  </datafield>
  <datafield tag="040" ind1=" " ind2=" ">
    <subfield code="a">TNJ</subfield>
    <subfield code="b">eng</subfield>
    <subfield code="e">rda</subfield>
    <subfield code="c">TNJ</subfield>
    <subfield code="d">MoSU</subfield>
  </datafield>
  <datafield tag="100" ind1="1" ind2=" ">
    <subfield code="a">Schilling, Beate</subfield>
  </datafield>
  <datafield tag="370" ind1=" " ind2=" ">
    <subfield code="c">Germany</subfield>
    <subfield code="f">Erlangen (Germany)</subfield>
    <subfield code="f">Munich (Germany)</subfield>
    <subfield code="2">naf</subfield>
  </datafield>
  <datafield tag="373" ind1=" " ind2=" ">
    <subfield code="a">Friedrich-Alexander-Universität Erlangen-Nürnberg</subfield>
    <subfield code="2">naf</subfield>
  </datafield>
  <datafield tag="374" ind1=" " ind2=" ">
    <subfield code="a">Historians</subfield>
    <subfield code="a">Medievalists</subfield>
    <subfield code="2">lcsh</subfield>
  </datafield>
  <datafield tag="377" ind1=" " ind2=" ">
    <subfield code="a">ger</subfield>
    <subfield code="a">fre</subfield>
  </datafield>
  <datafield tag="670" ind1=" " ind2=" ">
    <subfield code="a">Guido von Vienne, Papst Calixt II, 1998:</subfield>
    <subfield code="b">title page (Beate Schilling)</subfield>
  </datafield>
  <datafield tag="670" ind1=" " ind2=" ">
    <subfield code="a">Gallia pontificia. Vol. III, Tome 3. Diocèses de Die et de Viviers, 2018:</subfield>
    <subfield code="b">title page (par Beate Schilling) page 9 (Avant-propos signed in 2015 in Munich)</subfield>
  </datafield>
  <datafield tag="670" ind1=" " ind2=" ">
    <subfield code="a">Vandenhoeck &amp; Ruprecht (publisher) website, viewed January 2, 2020</subfield>
    <subfield code="b">(Beate Schilling; Dr. phil. Beate Schilling; she is Wissenschaftliche Mitarbeiterin at the Lehrstuhl Mittelalterliche Geschichte, Universität Erlangen-Nürnberg)</subfield>
    <subfield code="u">https://www.vandenhoeck-ruprecht-verlage.com/AuthorProfile/index/id/4837/name/Beate+Schilling</subfield>
  </datafield>
  <datafield tag="953" ind1=" " ind2=" ">
    <subfield code="a">xx00</subfield>
  </datafield>
  <datafield tag="985" ind1=" " ind2=" ">
    <subfield code="c">OCLC</subfield>
    <subfield code="e">LSPC</subfield>
  </datafield>
</record>