
<record>
  <leader>01037cz  a2200241n  4500</leader>
  <controlfield tag="001">4650481</controlfield>
  <controlfield tag="003">DLC</controlfield>
  <controlfield tag="005">20200104073429.0</controlfield>
  <controlfield tag="008">990527n| azannaabn          |n aaa     c</controlfield>
  <datafield tag="010" ind1=" " ind2=" ">
    <subfield code="a">no 99038272 </subfield>
  </datafield>
  <datafield tag="035" ind1=" " ind2=" ">
    <subfield code="a">(OCoLC)oca04995588</subfield>
  </datafield>
  <datafield tag="040" ind1=" " ind2=" ">
    <subfield code="a">CU-SMu</subfield>
    <subfield code="b">eng</subfield>
    <subfield code="e">rda</subfield>
    <subfield code="c">CU-SMu</subfield>
    <subfield code="d">PPi-MA</subfield>
  </datafield>
  <datafield tag="100" ind1="1" ind2=" ">
    <subfield code="a">Burr, Anthony</subfield>
  </datafield>
  <datafield tag="370" ind1=" " ind2=" ">
    <subfield code="f">San Diego (Calif.)</subfield>
    <subfield code="2">naf</subfield>
  </datafield>
  <datafield tag="373" ind1=" " ind2=" ">
    <subfield code="a">University of California, San Diego. Department of Music</subfield>
    <subfield code="2">naf</subfield>
  </datafield>
  <datafield tag="374" ind1=" " ind2=" ">
    <subfield code="a">Clarinetists</subfield>
    <subfield code="a">Composers</subfield>
    <subfield code="a">Pianists</subfield>
    <subfield code="a">Music teachers</subfield>
    <subfield code="a">College teachers</subfield>
    <subfield code="a">Sound recording executives and producers</subfield>
    <subfield code="2">lcsh</subfield>
  </datafield>
  <datafield tag="374" ind1=" " ind2=" ">
    <subfield code="a">University and college faculty members</subfield>
    <subfield code="2">lcdgt</subfield>
  </datafield>
  <datafield tag="375" ind1=" " ind2=" ">
    <subfield code="a">Males</subfield>
    <subfield code="2">lcdgt</subfield>
  </datafield>
  <datafield tag="670" ind1=" " ind2=" ">
    <subfield code="a">Turetzky, B. Tenors, echoes, and wolves [SR] 1998:</subfield>
    <subfield code="b">container (Anthony Burr; clarinetist; joint-composer/improviser of Orbs I &amp; II)</subfield>
  </datafield>
  <datafield tag="670" ind1=" " ind2=" ">
    <subfield code="a">Chamber music, 2019:</subfield>
    <subfield code="b">label (Anthony Burr) container (piano, clarinet)</subfield>
  </datafield>
  <datafield tag="670" ind1=" " ind2=" ">
    <subfield code="a">UC San Diego WWW site, January 3, 2020</subfield>
    <subfield code="b">(Anthony Burr; clarinetist, teacher, recording engineer and producer)</subfield>
  </datafield>
  <datafield tag="953" ind1=" " ind2=" ">
    <subfield code="a">xx00</subfield>
  </datafield>
  <datafield tag="985" ind1=" " ind2=" ">
    <subfield code="c">OCLC</subfield>
    <subfield code="e">LSPC</subfield>
  </datafield>
</record>