
<record>
  <leader>06248cz  a2200397n  4500</leader>
  <controlfield tag="001">4732547</controlfield>
  <controlfield tag="003">DLC</controlfield>
  <controlfield tag="005">20200104060008.0</controlfield>
  <controlfield tag="008">860211i| anannbabn          |a ana      </controlfield>
  <datafield tag="010" ind1=" " ind2=" ">
    <subfield code="a">sh 85082022 </subfield>
    <subfield code="z">sh 00001789 </subfield>
  </datafield>
  <datafield tag="035" ind1=" " ind2=" ">
    <subfield code="a">(DLC)sh 85082022</subfield>
  </datafield>
  <datafield tag="035" ind1=" " ind2=" ">
    <subfield code="a">(DLC)79232</subfield>
  </datafield>
  <datafield tag="040" ind1=" " ind2=" ">
    <subfield code="a">DLC</subfield>
    <subfield code="c">DLC</subfield>
    <subfield code="d">DLC</subfield>
  </datafield>
  <datafield tag="053" ind1=" " ind2="0">
    <subfield code="a">GV1796.M35</subfield>
  </datafield>
  <datafield tag="150" ind1=" " ind2=" ">
    <subfield code="a">Matachines (Dance)</subfield>
  </datafield>
  <datafield tag="450" ind1=" " ind2=" ">
    <subfield code="a">Los Matachines (Dance)</subfield>
  </datafield>
  <datafield tag="450" ind1=" " ind2=" ">
    <subfield code="w">nne</subfield>
    <subfield code="a">Matlachines</subfield>
  </datafield>
  <datafield tag="450" ind1=" " ind2=" ">
    <subfield code="a">Matlanchines (Dance)</subfield>
  </datafield>
  <datafield tag="550" ind1=" " ind2=" ">
    <subfield code="w">g</subfield>
    <subfield code="a">Dance</subfield>
  </datafield>
  <datafield tag="670" ind1=" " ind2=" ">
    <subfield code="a">Work cat.: 2019415328: Cervantes Montoya, J.J. La danza de matlachines in Aguascalientes, 2018:</subfield>
    <subfield code="b">t.p ([cataloger&apos;s translation] The dance of matlachines in Aguascalientes) p. 9 (One of the most beloved manifestations of popular culture in Aguascalientes is that embodied by the matlachines, those indispensable dancers at any respectable saint&apos;s day festival) p. 20-23 (Matachín or matlachín? To name ourselves, opinions are divided since some call us &quot;matlachines&quot; and others &quot;matachines,&quot; and most of the time simply dancers. In Vulgar Latin, mattus meant crazy, and so the buffoons and harlequins were called who entertained the public. From mattus, in Italian the diminutive mataccino was formed; from mataccino was derived &quot;matachín.&quot; Most likely when the Spaniards saw the religious dances of the indigenous people, they remembered the European matachines and so they called the American dancers. It is important to mention that the matachines are not, in America, exclusive to Mexico) p. 27 (It was in northern Mexico that the word matachín was transformed into matlachín, perhaps through a cultural crossing with the matlazincas, which in Nahuatl means &quot;lords of the net,&quot; which is the name of a prehispanic people settled in what is today the State of Mexico)</subfield>
  </datafield>
  <datafield tag="670" ind1=" " ind2=" ">
    <subfield code="a">Work cat: Son, 1995</subfield>
    <subfield code="b">(a videocassette produced by the Universidad Autonoma de Aguascalientes) synopsis on container (... historia y el significado de la danza de Matlachines en el estado de Aguascalientes)</subfield>
  </datafield>
  <datafield tag="670" ind1=" " ind2=" ">
    <subfield code="a">Schwendener, N. How to perform the dances of Old Mexico, 1975:</subfield>
    <subfield code="b">p. 31 (the Matlanchines is danced principally in the Potosina and is also to be seen in all four of the Haustecas; danced by any number of couples and directed by a &quot;Matlanchia&quot; or leader who announces each change of figure)</subfield>
  </datafield>
  <datafield tag="670" ind1=" " ind2=" ">
    <subfield code="a">Encyclopedia of Mexico, 1998, via WWW, viewed Sept.18, 2019:</subfield>
    <subfield code="b">under Festival cycle (At least 80 dance or dramatic forms have been listed as comprising a part of local festival celebration. [These] include ... Matachines [etc.])</subfield>
  </datafield>
  <datafield tag="670" ind1=" " ind2=" ">
    <subfield code="a">Holidays around the world, 2018, via WWW, viewed Sept. 18, 2019:</subfield>
    <subfield code="b">under Our Lady of Guadalupe, Feast of--United States (At the Jemez Pueblo, matachines (clowns or buffoons) perform a variety of Indian ceremonial dances) under Bibliography (I. REFERENCE AND OTHER BACKGROUND WORKS ON HOLIDAYS. A. General Works. 7. Mexico: under Fergusson: [in annotation] Account of travel to festivals throughout Mexico, including ... Los Matachines [etc.])</subfield>
  </datafield>
  <datafield tag="670" ind1=" " ind2=" ">
    <subfield code="a">Native American landmarks and festivals, 2018, via WWW, viewed Sept. 18, 2019:</subfield>
    <subfield code="b">New Mexico (under Ohkay Owingeh: The pueblo celebrates with feasting and dances throughout the year; the public is welcome at ... the Matachines Dance on December 28-29 [etc.])</subfield>
  </datafield>
  <datafield tag="670" ind1=" " ind2=" ">
    <subfield code="a">Gale encyclopedia of multicultural America, 2014, via WWW, viewed Sept. 18, 2019:</subfield>
    <subfield code="b">under Pueblos (Most of the Pueblo groups perform versions of the Corn Dance and the Matachines Dance--a dance with Spanish and Mexican roots)</subfield>
  </datafield>
  <datafield tag="670" ind1=" " ind2=" ">
    <subfield code="a">Enciclopedia de México, 1987-1988</subfield>
    <subfield code="b">(matlachines, danza de los: the best groups come from Aguascalientes and Zacatecas; [lengthy description of costumes and paraphernalia])</subfield>
  </datafield>
  <datafield tag="670" ind1=" " ind2=" ">
    <subfield code="a">Britannica academic, via WWW, viewed Sept. 23, 2019</subfield>
    <subfield code="b">under Folk dance (The matachines dances are a good example of how fluid the definitions of folk dance and folk dancers are. The Yaqui Indian Matachines Society is a group in northern Mexico and southern Arizona whose members continue to observe a sacred vow to dance their devotions for the Virgin Mary with medieval European folk dances taught to them after 1617 by Jesuit padres. These Yaqui do not think of their dances as folk dances, nor do they think of themselves as folk dancers, although persons from the outside readily make those assignments. Although the origins of the matachines dances of other parts of the Americas are similar, the dances themselves are different. To complicate matters further, in parts of Europe there are matachines folk dance groups that have nothing in common with the Yaqui society or the other American groups. What the dances are, who performs them, and what insiders and outsiders call the dances and the dancers--all these designations vary, although the dances are known by the same name) under Latin American dance (indigenous dancers in northeast Mexico adopted the contradanza into their ritual expression of the matlachines dance) under Native American music (Spanish colonists taught Pueblo peoples of the Southwest to perform the matachines dance, a pantomime accompanied by violin and guitar; the Pueblos blended this dance with their own spiritual practices, and it now occupies a central role in their traditional ceremonialism)</subfield>
  </datafield>
  <datafield tag="670" ind1=" " ind2=" ">
    <subfield code="a">Snodgrass, M.E. Encyclopedia of world folk dance, 2016</subfield>
    <subfield code="b">(matachines: An allegorical dance performance of First Peoples of the Western Hemisphere, the matachines--from the Arabic for &quot;false faces&quot;--perform a rare comabination of indigenous art. The original presentation, initiated by religious brotherhoods, combined elements of the North African Tuareg, Phoenician rain ritual, and Hispanic line dance. ... Whether scheduled for Easter, Christmas, or both, the drama and its uniform costuming retained their significance from Belize to Bernalillo, New Mexico, and Pueblo Colorado, west to Las Vegas, and south to Colombia and Peru)</subfield>
  </datafield>
  <datafield tag="675" ind1=" " ind2=" ">
    <subfield code="a">Craine, D. Oxford dictionary of dance, 2010, via WWW, viewed Sept. 23, 2019</subfield>
  </datafield>
  <datafield tag="906" ind1=" " ind2=" ">
    <subfield code="t">9420</subfield>
    <subfield code="u">te03</subfield>
    <subfield code="v">0</subfield>
  </datafield>
  <datafield tag="910" ind1=" " ind2=" ">
    <subfield code="a">Record saved by ec04 on 01/03/2020 at 12:12:41</subfield>
  </datafield>
  <datafield tag="910" ind1=" " ind2=" ">
    <subfield code="a">Proposal saved by tc03 on 10/17/2019 at 15:20:17</subfield>
  </datafield>
  <datafield tag="952" ind1=" " ind2=" ">
    <subfield code="a">Bib. records to be changed: 0</subfield>
  </datafield>
  <datafield tag="953" ind1=" " ind2=" ">
    <subfield code="a">xx00</subfield>
    <subfield code="b">ta28</subfield>
  </datafield>
  <datafield tag="906" ind1=" " ind2=" ">
    <subfield code="t">1911</subfield>
    <subfield code="v">0</subfield>
  </datafield>
</record>