
<record>
  <leader>02582cz  a2200241n  4500</leader>
  <controlfield tag="001">4915372</controlfield>
  <controlfield tag="003">DLC</controlfield>
  <controlfield tag="005">20200104073430.0</controlfield>
  <controlfield tag="008">990804n| azannaabn          |n aaa     c</controlfield>
  <datafield tag="010" ind1=" " ind2=" ">
    <subfield code="a">no 99055974 </subfield>
  </datafield>
  <datafield tag="035" ind1=" " ind2=" ">
    <subfield code="a">(OCoLC)oca05041608</subfield>
  </datafield>
  <datafield tag="040" ind1=" " ind2=" ">
    <subfield code="a">TxLT-AV</subfield>
    <subfield code="b">eng</subfield>
    <subfield code="e">rda</subfield>
    <subfield code="c">TxLT-AV</subfield>
    <subfield code="d">OU</subfield>
  </datafield>
  <datafield tag="046" ind1=" " ind2=" ">
    <subfield code="f">1903</subfield>
    <subfield code="g">1975</subfield>
    <subfield code="2">edtf</subfield>
  </datafield>
  <datafield tag="100" ind1="1" ind2=" ">
    <subfield code="a">Drews, Wolfgang,</subfield>
    <subfield code="d">1903-1975</subfield>
  </datafield>
  <datafield tag="370" ind1=" " ind2=" ">
    <subfield code="a">Hannover (Germany)</subfield>
    <subfield code="b">Munich (Germany)</subfield>
    <subfield code="2">naf</subfield>
  </datafield>
  <datafield tag="374" ind1=" " ind2=" ">
    <subfield code="a">Philosophers</subfield>
    <subfield code="a">Authors</subfield>
    <subfield code="a">Critics</subfield>
    <subfield code="a">Theater critics</subfield>
    <subfield code="a">Dramatists</subfield>
    <subfield code="a">Art historians</subfield>
    <subfield code="a">Journalists</subfield>
    <subfield code="2">lcsh</subfield>
  </datafield>
  <datafield tag="375" ind1=" " ind2=" ">
    <subfield code="a">Males</subfield>
    <subfield code="2">lcdgt</subfield>
  </datafield>
  <datafield tag="670" ind1=" " ind2=" ">
    <subfield code="a">Lessing, G.E. Werke [CF] 1998:</subfield>
    <subfield code="b">insert (rororo Monographie Gotthold Ephraim Lessing von Wolfgang Drews)</subfield>
  </datafield>
  <datafield tag="670" ind1=" " ind2=" ">
    <subfield code="a">OCLC, July 28, 1999</subfield>
    <subfield code="b">(hdg.: Drews, Wolfgang, 1903- ; usage: Wolfgang Drews)</subfield>
  </datafield>
  <datafield tag="670" ind1=" " ind2=" ">
    <subfield code="a">National Library of Lithuania via VIAF, Jan. 3, 2020</subfield>
    <subfield code="b">(preferred: Drews, Wolfgang 1903-1975; country: Germany; gender: Males; lang. code: deu; biographical/historical: Filosofijos m. dr., meno istorikas, publicistas; 1903 01 15-1975 03 23)</subfield>
    <subfield code="u">http://www.viaf.org/processed/LIH%7CLNB:CG_z_7;=B_h_</subfield>
  </datafield>
  <datafield tag="670" ind1=" " ind2=" ">
    <subfield code="a">German National Library via VIAF, Jan. 3, 2020</subfield>
    <subfield code="b">(identifier: http://d-nb.info/gnd/116219599; GAC: XA-DE; other class #: 15.1p sswd, 12.2p sswd, 2.3p sswd; preferred: Drews, Wolfgang 1903-1975; gender: 1; variant: Drews, Wolfgang Helmuth Ernst; related: Fronius, Hans, 1903-1988, Gasbarra, Felix, 1895-1985, Heine, Heinrich, 1797-1856, Piscator, Erwin, 1893-1966, Polgar, Alfred, 1873-1955, Riege, Helmut, Hannover, München; related title: Drews, Wolfgang: Die Grossen des deutschen Schauspiels. - 1941, Drews, Wolfgang: König Lear auf der deutschen Bühne bis zur Gegenwart. - 1932)</subfield>
    <subfield code="u">http://www.viaf.org/processed/DNB%7C116219599</subfield>
  </datafield>
  <datafield tag="670" ind1=" " ind2=" ">
    <subfield code="a">Sudoc [ABES], France via VIAF, Jan. 3, 2020</subfield>
    <subfield code="b">(time period: d1903 d1975; preferred: Drews, Wolfgang, 1903-1975; field of activity: Piscator, Erwin, (1893-1966).; related: Heine, Heinrich, (1797-1856)., Lessing, Gotthold Ephraim, (1729-1781)., Piscator, Erwin, (1893-1966)., Polgar, Alfred, (1873-1955).)</subfield>
    <subfield code="u">http://www.viaf.org/processed/SUDOC%7C087260697</subfield>
  </datafield>
  <datafield tag="670" ind1=" " ind2=" ">
    <subfield code="a">National Library of the Czech Republic via VIAF, Jan. 3, 2020</subfield>
    <subfield code="b">(born: 1903; died: 1975; preferred: Drews, Wolfgang, 1903-1975; country: Německo; field of activity: divadelní věda; occupation: dramaturgové, divadelní kritici; gender: muž; variant: Drews, Wolfgang Helmuth Ernst; related: Lessing, Gotthold Ephraim, 1729-1781; biographical/historical: Německý dramaturg, spisovatel, literární a divadelní kritik a novinář.)</subfield>
    <subfield code="u">http://www.viaf.org/processed/NKC%7Cxx0156533</subfield>
  </datafield>
</record>