
<record>
  <leader>00872cz  a2200253n  4500</leader>
  <controlfield tag="001">4968359</controlfield>
  <controlfield tag="003">DLC</controlfield>
  <controlfield tag="005">20200104051025.0</controlfield>
  <controlfield tag="008">991028n| azannaabn          |a aaa      </controlfield>
  <datafield tag="010" ind1=" " ind2=" ">
    <subfield code="a">n  99261959 </subfield>
  </datafield>
  <datafield tag="035" ind1=" " ind2=" ">
    <subfield code="a">(Uk)003700781</subfield>
  </datafield>
  <datafield tag="040" ind1=" " ind2=" ">
    <subfield code="a">DLC</subfield>
    <subfield code="b">eng</subfield>
    <subfield code="e">rda</subfield>
    <subfield code="c">DLC</subfield>
    <subfield code="d">Uk</subfield>
  </datafield>
  <datafield tag="046" ind1=" " ind2=" ">
    <subfield code="f">1959</subfield>
    <subfield code="2">edtf</subfield>
  </datafield>
  <datafield tag="100" ind1="1" ind2=" ">
    <subfield code="a">Viktorov, Evgeniĭ</subfield>
  </datafield>
  <datafield tag="370" ind1=" " ind2=" ">
    <subfield code="c">Aleksandrov (Vladimirskai︠a︡ oblastʹ, Russia)</subfield>
    <subfield code="2">naf</subfield>
  </datafield>
  <datafield tag="375" ind1=" " ind2=" ">
    <subfield code="a">Males</subfield>
    <subfield code="2">lcsh</subfield>
  </datafield>
  <datafield tag="377" ind1=" " ind2=" ">
    <subfield code="a">rus</subfield>
  </datafield>
  <datafield tag="378" ind1=" " ind2=" ">
    <subfield code="q">Evgeniĭ Anatolʹevich</subfield>
  </datafield>
  <datafield tag="400" ind1="1" ind2=" ">
    <subfield code="a">Viktorov, Evgeniĭ Anatolʹevich</subfield>
  </datafield>
  <datafield tag="400" ind1="1" ind2=" ">
    <subfield code="a">Викторов, Евгений Анатольевич</subfield>
  </datafield>
  <datafield tag="670" ind1=" " ind2=" ">
    <subfield code="a">Aleksandrovskai︠a︡ sloboda, 1998:</subfield>
    <subfield code="b">t.p. (Evgeniĭ Viktorov)</subfield>
  </datafield>
  <datafield tag="670" ind1=" " ind2=" ">
    <subfield code="a">&quot;Li︠u︡bitʹ - znachit deĭstvovatʹ ! &quot;, 2019:</subfield>
    <subfield code="b">p.2 (E. Viktorov)</subfield>
  </datafield>
  <datafield tag="670" ind1=" " ind2=" ">
    <subfield code="a">Russian National library, viewed 03-01-2020</subfield>
    <subfield code="b">(Viktorov Evgeniĭ Anatolʹevich)</subfield>
  </datafield>
  <datafield tag="953" ind1=" " ind2=" ">
    <subfield code="a">le04</subfield>
  </datafield>
</record>