
<record>
  <leader>01769cz  a2200325n  4500</leader>
  <controlfield tag="001">4969361</controlfield>
  <controlfield tag="003">DLC</controlfield>
  <controlfield tag="005">20200104181040.0</controlfield>
  <controlfield tag="008">991029n| azannaabn          |b aaa      </controlfield>
  <datafield tag="010" ind1=" " ind2=" ">
    <subfield code="a">n  99265171 </subfield>
    <subfield code="z">no2015162690</subfield>
  </datafield>
  <datafield tag="035" ind1=" " ind2=" ">
    <subfield code="a">(OCoLC)oca05093335</subfield>
  </datafield>
  <datafield tag="040" ind1=" " ind2=" ">
    <subfield code="a">DLC</subfield>
    <subfield code="b">eng</subfield>
    <subfield code="e">rda</subfield>
    <subfield code="c">DLC</subfield>
    <subfield code="d">DLC</subfield>
    <subfield code="d">ICU</subfield>
    <subfield code="d">DLC</subfield>
  </datafield>
  <datafield tag="100" ind1="1" ind2=" ">
    <subfield code="a">Arevshatyan, A. S.</subfield>
    <subfield code="q">(Anna Seni)</subfield>
  </datafield>
  <datafield tag="370" ind1=" " ind2=" ">
    <subfield code="e">Yerevan (Armenia)</subfield>
    <subfield code="2">naf</subfield>
  </datafield>
  <datafield tag="372" ind1=" " ind2=" ">
    <subfield code="a">Music--Armenia--Study and teaching</subfield>
    <subfield code="2">lcsh</subfield>
  </datafield>
  <datafield tag="373" ind1=" " ind2=" ">
    <subfield code="a">Erevani Komitasi Anvan Petakan Konservatoria</subfield>
    <subfield code="2">naf</subfield>
    <subfield code="s">1990</subfield>
  </datafield>
  <datafield tag="373" ind1=" " ind2=" ">
    <subfield code="a">Arvesti Institut (Hayastani Hanrapetutʻyan Gitutʻyunneri Azgayin Akademia)</subfield>
    <subfield code="2">naf</subfield>
    <subfield code="s">1976</subfield>
  </datafield>
  <datafield tag="374" ind1=" " ind2=" ">
    <subfield code="a">Musicologists</subfield>
    <subfield code="a">Medievalists</subfield>
    <subfield code="2">lcsh</subfield>
  </datafield>
  <datafield tag="377" ind1=" " ind2=" ">
    <subfield code="a">arm</subfield>
  </datafield>
  <datafield tag="400" ind1="1" ind2=" ">
    <subfield code="a">Arevshatyan, Anna Seni</subfield>
  </datafield>
  <datafield tag="400" ind1="1" ind2=" ">
    <subfield code="a">Аревшатян, Анна</subfield>
  </datafield>
  <datafield tag="400" ind1="1" ind2=" ">
    <subfield code="a">Arevshati︠a︡n, Anna</subfield>
  </datafield>
  <datafield tag="400" ind1="1" ind2=" ">
    <subfield code="a">Arevshati︠a︡n, A. S.</subfield>
  </datafield>
  <datafield tag="400" ind1="1" ind2=" ">
    <subfield code="a">Arevshati︠a︡n, Anna Senovna</subfield>
  </datafield>
  <datafield tag="400" ind1="1" ind2=" ">
    <subfield code="w">nne</subfield>
    <subfield code="a">Arevshatyan, Anna</subfield>
  </datafield>
  <datafield tag="667" ind1=" " ind2=" ">
    <subfield code="a">Non-Latin script reference not evaluated.</subfield>
  </datafield>
  <datafield tag="670" ind1=" " ind2=" ">
    <subfield code="a">Arevshatyan, A. S. &quot;Mashtotsʻ&quot; zhoghovatsun orpes hay mijnadaryan erazhshtakan mshakuytʻi hushardzan, 1991:</subfield>
    <subfield code="b">t.p. (A.S. Arevshatyan) added t.p. (A.S. Arevshati︠a︡n)</subfield>
  </datafield>
  <datafield tag="670" ind1=" " ind2=" ">
    <subfield code="a">Anii erazhshtakan mshakuytě, 2014:</subfield>
    <subfield code="b">title page (Anna Arevshatyan)</subfield>
  </datafield>
  <datafield tag="670" ind1=" " ind2=" ">
    <subfield code="a">Grigor Magistros - gimnograf i ėstetik, 2018:</subfield>
    <subfield code="b">title page (Анна Аревшатян = Anna Arevshati︠a︡n) added title page (Anna Arevshatyan) back cover (Anna Senovna Arevshati︠a︡n, musicologist and medievalist, Doctor of Arts, professor at the Arts Institute of the Armenian Academy of Sciences since 1976, professor at the Department of Armenian Folk Music of the Komitas Conservatory in Yerevan (since 1990); specializes in history of Armenian church music, etc.)</subfield>
  </datafield>
  <datafield tag="953" ind1=" " ind2=" ">
    <subfield code="a">yj32 10-29-99</subfield>
  </datafield>
</record>