
<record>
  <leader>01139cz  a2200241n  4500</leader>
  <controlfield tag="001">5002887</controlfield>
  <controlfield tag="003">DLC</controlfield>
  <controlfield tag="005">20200104073434.0</controlfield>
  <controlfield tag="008">991220n| acannaabn          |a aaa     c</controlfield>
  <datafield tag="010" ind1=" " ind2=" ">
    <subfield code="a">no 99090604 </subfield>
  </datafield>
  <datafield tag="035" ind1=" " ind2=" ">
    <subfield code="a">(OCoLC)oca05124476</subfield>
  </datafield>
  <datafield tag="040" ind1=" " ind2=" ">
    <subfield code="a">PPi-MA</subfield>
    <subfield code="b">eng</subfield>
    <subfield code="c">PPi-MA</subfield>
    <subfield code="d">UPB</subfield>
    <subfield code="d">OOC</subfield>
  </datafield>
  <datafield tag="046" ind1=" " ind2=" ">
    <subfield code="f">1945-04-01</subfield>
    <subfield code="g">2004-09-12</subfield>
    <subfield code="2">edtf</subfield>
  </datafield>
  <datafield tag="100" ind1="1" ind2=" ">
    <subfield code="a">Buttrey, Kenny</subfield>
  </datafield>
  <datafield tag="370" ind1=" " ind2=" ">
    <subfield code="a">Nashville (Tenn.)</subfield>
    <subfield code="b">Nashville (Tenn.)</subfield>
    <subfield code="c">United States</subfield>
    <subfield code="f">Nashville (Tenn.)</subfield>
    <subfield code="2">naf</subfield>
  </datafield>
  <datafield tag="374" ind1=" " ind2=" ">
    <subfield code="a">Drummers</subfield>
    <subfield code="2">lcdgt</subfield>
  </datafield>
  <datafield tag="374" ind1=" " ind2=" ">
    <subfield code="a">Arrangers (Musicians)</subfield>
    <subfield code="2">lcsh</subfield>
  </datafield>
  <datafield tag="375" ind1=" " ind2=" ">
    <subfield code="a">Males</subfield>
    <subfield code="2">lcdgt</subfield>
  </datafield>
  <datafield tag="400" ind1="1" ind2=" ">
    <subfield code="a">Buttrey, Aaron Kenneth</subfield>
  </datafield>
  <datafield tag="400" ind1="1" ind2=" ">
    <subfield code="a">Buttrey, Kenneth</subfield>
  </datafield>
  <datafield tag="670" ind1=" " ind2=" ">
    <subfield code="a">Dylan, B. John Wesley Harding [SR] 1968:</subfield>
    <subfield code="b">container (Kenny Buttrey, drums)</subfield>
  </datafield>
  <datafield tag="670" ind1=" " ind2=" ">
    <subfield code="a">Wikipedia, January 3, 2020</subfield>
    <subfield code="b">(Kenny Buttrey; born Aaron Kenneth Buttrey, April 1, 1945, Nashville, Tennessee; died September 12, 2004, Nashville, Tennessee; American drummer and arranger; best known as a Nashville session player; worked with a number of well-known musicians including Elvis Presley, Bob Dylan, and Neil Young)</subfield>
  </datafield>
  <datafield tag="670" ind1=" " ind2=" ">
    <subfield code="a">Dylan, Bob. The cutting edge 1965-1966, ℗2015:</subfield>
    <subfield code="b">book 2, page 52 (Kenneth Buttrey, drums)</subfield>
  </datafield>
</record>