
<record>
  <leader>00985cz  a2200229n  4500</leader>
  <controlfield tag="001">5030680</controlfield>
  <controlfield tag="003">DLC</controlfield>
  <controlfield tag="005">20200104073434.0</controlfield>
  <controlfield tag="008">000211n| azannaabn          |a aaa      </controlfield>
  <datafield tag="010" ind1=" " ind2=" ">
    <subfield code="a">n  00023768 </subfield>
  </datafield>
  <datafield tag="016" ind1=" " ind2=" ">
    <subfield code="a">0020K9016E</subfield>
  </datafield>
  <datafield tag="035" ind1=" " ind2=" ">
    <subfield code="a">(OCoLC)oca05153639</subfield>
  </datafield>
  <datafield tag="040" ind1=" " ind2=" ">
    <subfield code="a">DLC</subfield>
    <subfield code="b">eng</subfield>
    <subfield code="e">rda</subfield>
    <subfield code="c">DLC</subfield>
    <subfield code="d">CaBViV</subfield>
    <subfield code="d">CaOONL</subfield>
  </datafield>
  <datafield tag="046" ind1=" " ind2=" ">
    <subfield code="f">1944</subfield>
    <subfield code="g">1997</subfield>
    <subfield code="2">edtf</subfield>
  </datafield>
  <datafield tag="100" ind1="1" ind2=" ">
    <subfield code="a">Hoffer, William,</subfield>
    <subfield code="d">1944-1997</subfield>
  </datafield>
  <datafield tag="370" ind1=" " ind2=" ">
    <subfield code="e">Vancouver (B.C.)</subfield>
    <subfield code="2">naf</subfield>
  </datafield>
  <datafield tag="372" ind1=" " ind2=" ">
    <subfield code="a">Canadian literature</subfield>
    <subfield code="2">lcsh</subfield>
  </datafield>
  <datafield tag="400" ind1="1" ind2=" ">
    <subfield code="a">Hoffer, Bill,</subfield>
    <subfield code="d">1944-1997</subfield>
  </datafield>
  <datafield tag="670" ind1=" " ind2=" ">
    <subfield code="a">Woodsworth, G. J. Cheap sons of bitches, c1998:</subfield>
    <subfield code="b">t.p. (William Hoffer) p. 11, etc. (Bill Hoffer; b. 1944; d. 1997; owned and operated bookshop in Vancouver, specializing in Canadian Literature; publisher, editor, writer, and critic of the Canadian literary scheme of things)</subfield>
  </datafield>
  <datafield tag="670" ind1=" " ind2=" ">
    <subfield code="a">Canadiana database, viewed 6 December 2019</subfield>
    <subfield code="b">(Authorized access point: Hoffer, William, 1944-1997; Canadian)</subfield>
  </datafield>
  <datafield tag="700" ind1="1" ind2="6">
    <subfield code="a">Hoffer, William,</subfield>
    <subfield code="d">1944-1997</subfield>
    <subfield code="0">(CaOONL)ncf10146276</subfield>
  </datafield>
  <datafield tag="953" ind1=" " ind2=" ">
    <subfield code="a">lk24</subfield>
  </datafield>
</record>