
<record>
  <leader>01143cz  a2200229n  4500</leader>
  <controlfield tag="001">5037356</controlfield>
  <controlfield tag="003">DLC</controlfield>
  <controlfield tag="005">20200104073434.0</controlfield>
  <controlfield tag="008">000222n| azannaabn          |a aaa      </controlfield>
  <datafield tag="010" ind1=" " ind2=" ">
    <subfield code="a">n  00065025 </subfield>
  </datafield>
  <datafield tag="035" ind1=" " ind2=" ">
    <subfield code="a">(OCoLC)oca05160954</subfield>
  </datafield>
  <datafield tag="040" ind1=" " ind2=" ">
    <subfield code="a">DLC</subfield>
    <subfield code="b">eng</subfield>
    <subfield code="e">rda</subfield>
    <subfield code="c">DLC</subfield>
    <subfield code="d">DLC</subfield>
    <subfield code="d">MH-Mu</subfield>
  </datafield>
  <datafield tag="046" ind1=" " ind2=" ">
    <subfield code="k">1720</subfield>
    <subfield code="2">edtf</subfield>
  </datafield>
  <datafield tag="100" ind1="1" ind2=" ">
    <subfield code="a">Telemann, Georg Philipp,</subfield>
    <subfield code="d">1681-1767.</subfield>
    <subfield code="t">Uns ist ein Kind geboren,</subfield>
    <subfield code="n">TVWV 1:1452</subfield>
  </datafield>
  <datafield tag="380" ind1=" " ind2=" ">
    <subfield code="a">Cantatas</subfield>
    <subfield code="a">Christmas music</subfield>
    <subfield code="2">lcgft</subfield>
  </datafield>
  <datafield tag="382" ind1="0" ind2=" ">
    <subfield code="b">soprano voice</subfield>
    <subfield code="n">2</subfield>
    <subfield code="b">alto voice</subfield>
    <subfield code="n">1</subfield>
    <subfield code="b">tenor voice</subfield>
    <subfield code="n">1</subfield>
    <subfield code="b">bass voice</subfield>
    <subfield code="n">1</subfield>
    <subfield code="a">mixed chorus</subfield>
    <subfield code="v">SATB</subfield>
    <subfield code="a">orchestra</subfield>
    <subfield code="2">lcmpt</subfield>
  </datafield>
  <datafield tag="383" ind1=" " ind2=" ">
    <subfield code="c">TVWV 1:1452</subfield>
    <subfield code="d">Menke</subfield>
    <subfield code="2">mlati</subfield>
  </datafield>
  <datafield tag="500" ind1="1" ind2=" ">
    <subfield code="w">r</subfield>
    <subfield code="i">Author:</subfield>
    <subfield code="a">Simonis, Gottfried</subfield>
  </datafield>
  <datafield tag="670" ind1=" " ind2=" ">
    <subfield code="a">Telemann, G.P. Uns ist ein Kind geboren, c1963.</subfield>
  </datafield>
  <datafield tag="670" ind1=" " ind2=" ">
    <subfield code="a">Telemann, Georg Philipp. Neues Lied, 2019:</subfield>
    <subfield code="b">page 289 (Uns ist ein Kind geboren, TVWV 1:1452; for SSATB soloists, mixed chorus, and orchestra) contents (1. Weihnachtstag)</subfield>
  </datafield>
  <datafield tag="670" ind1=" " ind2=" ">
    <subfield code="a">Menke, W. Thematisches Verzeichnis der Vokalwerke von Georg Philipp Telemann, 1988</subfield>
    <subfield code="b">(1:1452; 8 numbers, in A minor, Frankfurt F. 1413; TVWV 1:1450 and 1:1451 have the same title and are F. 1414 and F. 1412 respectively)</subfield>
  </datafield>
  <datafield tag="953" ind1=" " ind2=" ">
    <subfield code="a">vl16</subfield>
    <subfield code="b">ta03</subfield>
  </datafield>
</record>