
<record>
  <leader>01483cz  a2200277n  4500</leader>
  <controlfield tag="001">5049353</controlfield>
  <controlfield tag="003">DLC</controlfield>
  <controlfield tag="005">20200104073435.0</controlfield>
  <controlfield tag="008">000307n| azannaabn          |a aaa     c</controlfield>
  <datafield tag="010" ind1=" " ind2=" ">
    <subfield code="a">no 00016047 </subfield>
  </datafield>
  <datafield tag="035" ind1=" " ind2=" ">
    <subfield code="a">(OCoLC)oca05169498</subfield>
  </datafield>
  <datafield tag="040" ind1=" " ind2=" ">
    <subfield code="a">OCl</subfield>
    <subfield code="b">eng</subfield>
    <subfield code="e">rda</subfield>
    <subfield code="c">OCl</subfield>
    <subfield code="d">DLC</subfield>
    <subfield code="d">DGU</subfield>
  </datafield>
  <datafield tag="046" ind1=" " ind2=" ">
    <subfield code="f">1799</subfield>
    <subfield code="2">edtf</subfield>
  </datafield>
  <datafield tag="100" ind1="0" ind2=" ">
    <subfield code="a">Alessandro</subfield>
    <subfield code="b">I,</subfield>
    <subfield code="c">Principe di Gonzaga,</subfield>
    <subfield code="d">1799-</subfield>
  </datafield>
  <datafield tag="400" ind1="0" ind2=" ">
    <subfield code="a">Alessandre,</subfield>
    <subfield code="c">Prinz de Gonzaga,</subfield>
    <subfield code="d">1799-</subfield>
  </datafield>
  <datafield tag="400" ind1="0" ind2=" ">
    <subfield code="a">Alessandro,</subfield>
    <subfield code="c">Duca di Mantova,</subfield>
    <subfield code="d">1799-</subfield>
  </datafield>
  <datafield tag="400" ind1="0" ind2=" ">
    <subfield code="w">nnea</subfield>
    <subfield code="a">Alessandro</subfield>
    <subfield code="b">I,</subfield>
    <subfield code="c">Principe di Gonzaga,</subfield>
    <subfield code="d">b. 1799</subfield>
  </datafield>
  <datafield tag="400" ind1="1" ind2=" ">
    <subfield code="a">Gonzaga, Alessandro,</subfield>
    <subfield code="c">Duca di Mantova,</subfield>
    <subfield code="d">1799-</subfield>
  </datafield>
  <datafield tag="400" ind1="1" ind2=" ">
    <subfield code="a">Gonzaga di Castiglione, Alessandro,</subfield>
    <subfield code="c">Duca di Mantova,</subfield>
    <subfield code="d">1799-</subfield>
  </datafield>
  <datafield tag="400" ind1="1" ind2=" ">
    <subfield code="a">Gonzaga, Alexander di,</subfield>
    <subfield code="c">Prince,</subfield>
    <subfield code="d">1799-</subfield>
  </datafield>
  <datafield tag="400" ind1="1" ind2=" ">
    <subfield code="a">Di Gonzaga, Alexander,</subfield>
    <subfield code="c">Prince,</subfield>
    <subfield code="d">1799-</subfield>
  </datafield>
  <datafield tag="400" ind1="0" ind2=" ">
    <subfield code="a">Alexander,</subfield>
    <subfield code="c">di Gonzaga, Prince,</subfield>
    <subfield code="d">1799-</subfield>
  </datafield>
  <datafield tag="670" ind1=" " ind2=" ">
    <subfield code="a">Glorie militari, 1869:</subfield>
    <subfield code="b">t.p. (Principe Alessandro I di Gonzaga, Duca di Mantova) p. 6 (b. Nov. 12, 1799)</subfield>
  </datafield>
  <datafield tag="670" ind1=" " ind2=" ">
    <subfield code="a">Unpartheische Darstellung der Gegenrevolution in Warschau am 15. August 1831, 1834:</subfield>
    <subfield code="b">title page (Prinz Alexandre de Gonzaga)</subfield>
  </datafield>
  <datafield tag="670" ind1=" " ind2=" ">
    <subfield code="a">Vatican Library in VIAF, accessed May 13, 2019:</subfield>
    <subfield code="b">(Heading: Gonzaga di Castiglione, Alessandro I, duca di Mantova, n. 1799; variant: Gonzaga, Alessandro I, duca di Mantova, n. 1799)</subfield>
    <subfield code="u">http://viaf.org/processed/BAV%7CADV10522350</subfield>
  </datafield>
  <datafield tag="670" ind1=" " ind2=" ">
    <subfield code="a">Address to the Right Honorable and Honorable Lords and Commons of the Kingdom of Great Britain, 1859:</subfield>
    <subfield code="b">title page (Prince Alexander di Gonzaga)</subfield>
  </datafield>
</record>