
<record>
  <leader>01335cz  a2200289n  4500</leader>
  <controlfield tag="001">5080207</controlfield>
  <controlfield tag="003">DLC</controlfield>
  <controlfield tag="005">20200104073435.0</controlfield>
  <controlfield tag="008">000418nc azannaabn          |b aaa     c</controlfield>
  <datafield tag="010" ind1=" " ind2=" ">
    <subfield code="a">no 00027029 </subfield>
  </datafield>
  <datafield tag="035" ind1=" " ind2=" ">
    <subfield code="a">(OCoLC)oca05200051</subfield>
  </datafield>
  <datafield tag="040" ind1=" " ind2=" ">
    <subfield code="a">HkUST</subfield>
    <subfield code="b">eng</subfield>
    <subfield code="e">rda</subfield>
    <subfield code="c">HkUST</subfield>
    <subfield code="d">OCoLC</subfield>
    <subfield code="d">DLC</subfield>
    <subfield code="d">MH</subfield>
  </datafield>
  <datafield tag="046" ind1=" " ind2=" ">
    <subfield code="s">10</subfield>
  </datafield>
  <datafield tag="100" ind1="1" ind2=" ">
    <subfield code="a">Teng, Fu,</subfield>
    <subfield code="d">active 11th century</subfield>
  </datafield>
  <datafield tag="400" ind1="1" ind2=" ">
    <subfield code="a">Teng, Dadao,</subfield>
    <subfield code="d">active 11th century</subfield>
  </datafield>
  <datafield tag="400" ind1="1" ind2=" ">
    <subfield code="w">nnea</subfield>
    <subfield code="a">Teng, Fu,</subfield>
    <subfield code="d">11th cent.</subfield>
  </datafield>
  <datafield tag="400" ind1="1" ind2=" ">
    <subfield code="a">Tʻeng, Ta-tao,</subfield>
    <subfield code="d">active 11th century</subfield>
  </datafield>
  <datafield tag="400" ind1="1" ind2=" ">
    <subfield code="a">Tʻeng, Yüan-fa,</subfield>
    <subfield code="d">active 11th century</subfield>
  </datafield>
  <datafield tag="400" ind1="1" ind2=" ">
    <subfield code="a">Teng, Yuanfa,</subfield>
    <subfield code="d">active 11th century</subfield>
  </datafield>
  <datafield tag="400" ind1="1" ind2=" ">
    <subfield code="a">滕元發,</subfield>
    <subfield code="d">active 11th century</subfield>
  </datafield>
  <datafield tag="400" ind1="1" ind2=" ">
    <subfield code="a">滕甫,</subfield>
    <subfield code="d">active 11th century</subfield>
  </datafield>
  <datafield tag="667" ind1=" " ind2=" ">
    <subfield code="a">Machine-derived non-Latin script reference project.</subfield>
  </datafield>
  <datafield tag="667" ind1=" " ind2=" ">
    <subfield code="a">Non-Latin script references not evaluated.</subfield>
  </datafield>
  <datafield tag="667" ind1=" " ind2=" ">
    <subfield code="a">Non-Latin script references reviewed in NACO CJK Funnel References Project.</subfield>
  </datafield>
  <datafield tag="670" ind1=" " ind2=" ">
    <subfield code="a">Cheng nan lu [in Ssu kʻu chʻüan shu, v. 460], 1987:</subfield>
    <subfield code="b">caption (Tʻeng Fu) abstract (Sung dynasty; orig. t. Yüan-fa, later change to Ta-tao)</subfield>
  </datafield>
  <datafield tag="670" ind1=" " ind2=" ">
    <subfield code="a">Academia Sinica Computing Centre Home page, March 16, 2000</subfield>
    <subfield code="b">(Tʻeng Fu; active in Hsi-ning 3 nien [i.e. 1070])</subfield>
  </datafield>
  <datafield tag="670" ind1=" " ind2=" ">
    <subfield code="a">OCLC #33126444, November 25, 2019</subfield>
    <subfield code="b">(access point: 滕甫, active 11th century = Teng, Fu, active 11th century; usage: 滕甫 = Teng Fu)</subfield>
  </datafield>
</record>