
<record>
  <leader>01307cz  a2200289n  4500</leader>
  <controlfield tag="001">5115714</controlfield>
  <controlfield tag="003">DLC</controlfield>
  <controlfield tag="005">20200104073435.0</controlfield>
  <controlfield tag="008">000607nc azannaabn          |b aaa     c</controlfield>
  <datafield tag="010" ind1=" " ind2=" ">
    <subfield code="a">no 00040484 </subfield>
  </datafield>
  <datafield tag="035" ind1=" " ind2=" ">
    <subfield code="a">(OCoLC)oca05234419</subfield>
  </datafield>
  <datafield tag="040" ind1=" " ind2=" ">
    <subfield code="a">CLU</subfield>
    <subfield code="b">eng</subfield>
    <subfield code="e">rda</subfield>
    <subfield code="c">CLU</subfield>
    <subfield code="d">OCoLC</subfield>
    <subfield code="d">HkUST</subfield>
    <subfield code="d">DLC</subfield>
    <subfield code="d">MH</subfield>
  </datafield>
  <datafield tag="046" ind1=" " ind2=" ">
    <subfield code="f">1555</subfield>
  </datafield>
  <datafield tag="100" ind1="1" ind2=" ">
    <subfield code="a">Tang, Ru&apos;e,</subfield>
    <subfield code="d">1555-</subfield>
  </datafield>
  <datafield tag="400" ind1="1" ind2=" ">
    <subfield code="w">nnea</subfield>
    <subfield code="a">Tʻang, Ju-o,</subfield>
    <subfield code="d">b. 1555</subfield>
  </datafield>
  <datafield tag="400" ind1="1" ind2=" ">
    <subfield code="w">nnea</subfield>
    <subfield code="a">Tang, Ru&apos;e,</subfield>
    <subfield code="d">b. 1555</subfield>
  </datafield>
  <datafield tag="400" ind1="1" ind2=" ">
    <subfield code="a">Tʻang, Shih-ya,</subfield>
    <subfield code="d">1555-</subfield>
  </datafield>
  <datafield tag="400" ind1="1" ind2=" ">
    <subfield code="a">Tang, Shiya,</subfield>
    <subfield code="d">1555-</subfield>
  </datafield>
  <datafield tag="400" ind1="1" ind2=" ">
    <subfield code="a">唐汝諤,</subfield>
    <subfield code="d">1555-</subfield>
  </datafield>
  <datafield tag="400" ind1="1" ind2=" ">
    <subfield code="a">唐士雅,</subfield>
    <subfield code="d">1555-</subfield>
  </datafield>
  <datafield tag="667" ind1=" " ind2=" ">
    <subfield code="a">Machine-derived non-Latin script reference project.</subfield>
  </datafield>
  <datafield tag="667" ind1=" " ind2=" ">
    <subfield code="a">Non-Latin script references not evaluated.</subfield>
  </datafield>
  <datafield tag="667" ind1=" " ind2=" ">
    <subfield code="a">Non-Latin script references reviewed in NACO CJK Funnel References Project.</subfield>
  </datafield>
  <datafield tag="670" ind1=" " ind2=" ">
    <subfield code="a">His Gu shi jie [in Si ku quan shu cun mu cong shu. Ji bu, v. 370], 1997</subfield>
    <subfield code="b">t.p. (唐汝諤 = Tang Ru&apos;e) caption (唐汝諤士雅 = Tang Ru&apos;e Shiya)</subfield>
  </datafield>
  <datafield tag="670" ind1=" " ind2=" ">
    <subfield code="a">Chung-kuo jen ming ta tzʻu tien, 1930</subfield>
    <subfield code="b">(唐汝諤 = Tʻang Ju-o; t. 士雅 = Shih-ya)</subfield>
  </datafield>
  <datafield tag="670" ind1=" " ind2=" ">
    <subfield code="a">Ming Qing Jiangsu wen ren nian biao, 1986:</subfield>
    <subfield code="b">p. 248 (唐汝諤士雅 = Tang Ru&apos;e Shiya; b. 1555) p. 430 (alive in 1614)</subfield>
  </datafield>
  <datafield tag="670" ind1=" " ind2=" ">
    <subfield code="a">OCLC #44434730, November 19, 2019</subfield>
    <subfield code="b">(access point: 唐汝諤, 1555- = Tang, Ru&apos;e, 1555-; usage: 唐汝諤 = Tang Ru&apos;e)</subfield>
  </datafield>
</record>