
<record>
  <leader>01734cz  a2200349n  4500</leader>
  <controlfield tag="001">5128889</controlfield>
  <controlfield tag="003">DLC</controlfield>
  <controlfield tag="005">20200104204324.0</controlfield>
  <controlfield tag="008">000628n| azannaabn          |a aaa      </controlfield>
  <datafield tag="010" ind1=" " ind2=" ">
    <subfield code="a">n  00091464 </subfield>
    <subfield code="z">n 2019015664</subfield>
  </datafield>
  <datafield tag="035" ind1=" " ind2=" ">
    <subfield code="a">(OCoLC)oca05250117</subfield>
  </datafield>
  <datafield tag="040" ind1=" " ind2=" ">
    <subfield code="a">DLC</subfield>
    <subfield code="b">eng</subfield>
    <subfield code="e">rda</subfield>
    <subfield code="c">DLC</subfield>
    <subfield code="d">NNU-L</subfield>
    <subfield code="d">DLC</subfield>
    <subfield code="d">NNU-L</subfield>
    <subfield code="d">IEN</subfield>
    <subfield code="d">NNU-L</subfield>
    <subfield code="d">MiU-L</subfield>
    <subfield code="d">DLC</subfield>
  </datafield>
  <datafield tag="046" ind1=" " ind2=" ">
    <subfield code="f">1953-04-29</subfield>
    <subfield code="2">edtf</subfield>
  </datafield>
  <datafield tag="100" ind1="1" ind2=" ">
    <subfield code="a">Fischer, Thomas</subfield>
    <subfield code="c">(Judge)</subfield>
  </datafield>
  <datafield tag="370" ind1=" " ind2=" ">
    <subfield code="c">Germany</subfield>
    <subfield code="f">Würzburg (Germany)</subfield>
    <subfield code="2">naf</subfield>
  </datafield>
  <datafield tag="372" ind1=" " ind2=" ">
    <subfield code="a">Criminal law</subfield>
    <subfield code="2">lcsh</subfield>
  </datafield>
  <datafield tag="373" ind1=" " ind2=" ">
    <subfield code="a">Germany. Bundesgerichtshof</subfield>
    <subfield code="2">naf</subfield>
  </datafield>
  <datafield tag="373" ind1=" " ind2=" ">
    <subfield code="a">Bayerische Julius-Maximilians-Universität Würzburg</subfield>
    <subfield code="2">naf</subfield>
  </datafield>
  <datafield tag="373" ind1=" " ind2=" ">
    <subfield code="a">Saxony (Germany). Staatsministerium der Justiz</subfield>
    <subfield code="2">naf</subfield>
  </datafield>
  <datafield tag="374" ind1=" " ind2=" ">
    <subfield code="a">Judges</subfield>
    <subfield code="2">lcsh</subfield>
  </datafield>
  <datafield tag="374" ind1=" " ind2=" ">
    <subfield code="a">Judges</subfield>
    <subfield code="2">lcdgt</subfield>
  </datafield>
  <datafield tag="375" ind1=" " ind2=" ">
    <subfield code="a">Males</subfield>
    <subfield code="2">lcdgt</subfield>
  </datafield>
  <datafield tag="377" ind1=" " ind2=" ">
    <subfield code="a">ger</subfield>
  </datafield>
  <datafield tag="378" ind1=" " ind2=" ">
    <subfield code="q">Thomas Günther Otto</subfield>
  </datafield>
  <datafield tag="400" ind1="1" ind2=" ">
    <subfield code="w">nnea</subfield>
    <subfield code="a">Fischer, Thomas,</subfield>
    <subfield code="c">Ministerialrat</subfield>
  </datafield>
  <datafield tag="400" ind1="1" ind2=" ">
    <subfield code="w">nne</subfield>
    <subfield code="a">Fischer, Thomas,</subfield>
    <subfield code="d">1953-</subfield>
  </datafield>
  <datafield tag="667" ind1=" " ind2=" ">
    <subfield code="a">Formerly on undifferentiated name record: n 82025157</subfield>
  </datafield>
  <datafield tag="670" ind1=" " ind2=" ">
    <subfield code="a">Tröndle, Herbert. Strafgesetzbuch und Nebengesetze, 1999:</subfield>
    <subfield code="b">t.p. (Dr. Thomas Fischer; Ministerialrat im Sächsischen Staatsministerium der Justiz; Honorarprofessor an der Universität Würzburg)</subfield>
  </datafield>
  <datafield tag="670" ind1=" " ind2=" ">
    <subfield code="a">Strafgesetzbuch und Nebengesetze, 2013:</subfield>
    <subfield code="b">t.p. (Dr. Thomas Fischer; Richter am Bundesgerichtshof; Honorarprofessor an der Universität Würzburg)</subfield>
  </datafield>
  <datafield tag="670" ind1=" " ind2=" ">
    <subfield code="a">VIAF, searched Feb. 25, 2019:</subfield>
    <subfield code="b">(DNB access point: Fischer, Thomas, 1953- ; German jurist, born April 29, 1953; Nat. Lib. of the Netherlands access point: Fischer, Thomas (Thomas Günther Otto), 1953- ; writer on German criminal law)</subfield>
  </datafield>
  <datafield tag="670" ind1=" " ind2=" ">
    <subfield code="a">Festschrift für Thomas Fischer, 2018:</subfield>
    <subfield code="b">t.p. (Thomas Fischer) preface (65th birthday April 29, 2018)</subfield>
  </datafield>
  <datafield tag="953" ind1=" " ind2=" ">
    <subfield code="a">sg57</subfield>
  </datafield>
</record>