
<record>
  <leader>01552cz  a2200253n  4500</leader>
  <controlfield tag="001">5130220</controlfield>
  <controlfield tag="003">DLC</controlfield>
  <controlfield tag="005">20200104073435.0</controlfield>
  <controlfield tag="008">000607n| azannaabn          |b aaa     c</controlfield>
  <datafield tag="010" ind1=" " ind2=" ">
    <subfield code="a">nr 00018976 </subfield>
  </datafield>
  <datafield tag="035" ind1=" " ind2=" ">
    <subfield code="a">(OCoLC)oca05251973</subfield>
  </datafield>
  <datafield tag="040" ind1=" " ind2=" ">
    <subfield code="a">NNC-EA</subfield>
    <subfield code="b">eng</subfield>
    <subfield code="e">rda</subfield>
    <subfield code="c">NNC-EA</subfield>
    <subfield code="d">DLC</subfield>
    <subfield code="d">OCoLC</subfield>
    <subfield code="d">DLC</subfield>
    <subfield code="d">CaLaUCEA</subfield>
  </datafield>
  <datafield tag="046" ind1=" " ind2=" ">
    <subfield code="f">1957-10-16</subfield>
    <subfield code="2">edtf</subfield>
  </datafield>
  <datafield tag="100" ind1="1" ind2=" ">
    <subfield code="a">Chŏng, Hye-gyŏng,</subfield>
    <subfield code="d">1957 October 16-</subfield>
  </datafield>
  <datafield tag="400" ind1="1" ind2=" ">
    <subfield code="w">nnea</subfield>
    <subfield code="a">Chŏng, Hye-gyŏng,</subfield>
    <subfield code="d">1957 Oct. 16-</subfield>
  </datafield>
  <datafield tag="400" ind1="1" ind2=" ">
    <subfield code="a">정 혜경,</subfield>
    <subfield code="d">1957 October 16-</subfield>
  </datafield>
  <datafield tag="400" ind1="1" ind2=" ">
    <subfield code="a">정혜경,</subfield>
    <subfield code="d">1957 October 16-</subfield>
  </datafield>
  <datafield tag="667" ind1=" " ind2=" ">
    <subfield code="a">Machine-derived non-Latin script reference project.</subfield>
  </datafield>
  <datafield tag="667" ind1=" " ind2=" ">
    <subfield code="a">Non-Latin script references not evaluated.</subfield>
  </datafield>
  <datafield tag="667" ind1=" " ind2=" ">
    <subfield code="a">Non-Latin script references reviewed in NACO CJK Funnel References Project.</subfield>
  </datafield>
  <datafield tag="670" ind1=" " ind2=" ">
    <subfield code="a">Ŏnŏ haengdong kwa pi ŏnŏ haengdong, 1999:</subfield>
    <subfield code="b">t.p. (정 혜경 = Chŏng Hye-gyŏng) cover flap (BA, Sudo Yŏja Sabŏm Taehak Ilbonŏ Kyoyukkwa; MA, Ilbon Ch&apos;ukp&apos;a Taehak Taehagwŏn Chiyŏk Yŏn&apos;gukwa Kukchehak; Ph.D., Munye Yŏnŏ Yŏn&apos;gukwa at the same university in Japan; Asst. Prof., Sejong Taehakkyo Inmun Kwahak Taehak Irŏ Ilmunkwa)</subfield>
  </datafield>
  <datafield tag="670" ind1=" " ind2=" ">
    <subfield code="a">Hallyu ŭi suyong kwa Han&apos;gugŏ kyoyuk, 2007:</subfield>
    <subfield code="b">t.p. (정 혜경 = Chŏng Hye-gyŏng) colophon (b. 1957; munhak paksa, Ilbon Kungnip Ch&apos;ŭk&apos;uba (=Ch&apos;ukp&apos;a) Taehak; prof., Sejong Taehakkyo Inmun kwahak Taehak Irŏ Ilmun Hakkwa)</subfield>
  </datafield>
  <datafield tag="670" ind1=" " ind2=" ">
    <subfield code="a">Korea Research Foundation WWW Home Page, Feb. 11, 2008</subfield>
    <subfield code="b">(Chŏng Hye-gyŏng; b. Oct. 16, 1957; prof., Sejong Taehakkyo Inmun kwahak Taehak Irŏ Ilmun Hakkwa)</subfield>
  </datafield>
  <datafield tag="953" ind1=" " ind2=" ">
    <subfield code="b">yc27</subfield>
  </datafield>
</record>