
<record>
  <leader>01023cz  a2200253n  4500</leader>
  <controlfield tag="001">5158965</controlfield>
  <controlfield tag="003">DLC</controlfield>
  <controlfield tag="005">20200104073446.0</controlfield>
  <controlfield tag="008">000803n| azannaabn          |n aaa      </controlfield>
  <datafield tag="010" ind1=" " ind2=" ">
    <subfield code="a">n  00098389 </subfield>
  </datafield>
  <datafield tag="035" ind1=" " ind2=" ">
    <subfield code="a">(OCoLC)oca05282335</subfield>
  </datafield>
  <datafield tag="040" ind1=" " ind2=" ">
    <subfield code="a">DLC</subfield>
    <subfield code="b">eng</subfield>
    <subfield code="e">rda</subfield>
    <subfield code="c">DLC</subfield>
    <subfield code="d">DLC</subfield>
    <subfield code="d">UPB</subfield>
  </datafield>
  <datafield tag="046" ind1=" " ind2=" ">
    <subfield code="f">1955</subfield>
    <subfield code="2">edtf</subfield>
  </datafield>
  <datafield tag="100" ind1="1" ind2=" ">
    <subfield code="a">Odell, Margaret S.</subfield>
  </datafield>
  <datafield tag="370" ind1=" " ind2=" ">
    <subfield code="f">Northfield (Minn.)</subfield>
    <subfield code="2">naf</subfield>
  </datafield>
  <datafield tag="372" ind1=" " ind2=" ">
    <subfield code="a">Religion</subfield>
    <subfield code="2">lcsh</subfield>
  </datafield>
  <datafield tag="373" ind1=" " ind2=" ">
    <subfield code="a">St. Olaf College</subfield>
    <subfield code="2">naf</subfield>
  </datafield>
  <datafield tag="375" ind1=" " ind2=" ">
    <subfield code="a">Females</subfield>
    <subfield code="2">lcdgt</subfield>
  </datafield>
  <datafield tag="377" ind1=" " ind2=" ">
    <subfield code="a">eng</subfield>
  </datafield>
  <datafield tag="670" ind1=" " ind2=" ">
    <subfield code="a">Perspectives on Ezekiel, 2000:</subfield>
    <subfield code="b">CIP t.p. (Margaret S. Odell)</subfield>
  </datafield>
  <datafield tag="670" ind1=" " ind2=" ">
    <subfield code="a">U.S. copyright file, Sept. 14, 2006</subfield>
    <subfield code="b">(Odell, Margaret Sinclair, 1955- )</subfield>
  </datafield>
  <datafield tag="670" ind1=" " ind2=" ">
    <subfield code="a">Digital dissertations, Sept. 14, 2006</subfield>
    <subfield code="b">(Odell, Margaret Sinclair, Ph. D., University of Pittsburgh, 1988--&quot;Are you he of whom I spoke by my servants the prophets?&quot;)</subfield>
  </datafield>
  <datafield tag="670" ind1=" " ind2=" ">
    <subfield code="a">Ezekiel, 2005:</subfield>
    <subfield code="b">title page (Margaret S. Odell) dust jacket (Margaret S. Odell is associate professor of religion at St. Olaf College in Northfield, Minnesota)</subfield>
  </datafield>
  <datafield tag="953" ind1=" " ind2=" ">
    <subfield code="a">sh18</subfield>
    <subfield code="b">ta30</subfield>
  </datafield>
</record>