
<record>
  <leader>02853cz  a2200373n  4500</leader>
  <controlfield tag="001">5260052</controlfield>
  <controlfield tag="003">DLC</controlfield>
  <controlfield tag="005">20200104073446.0</controlfield>
  <controlfield tag="008">001214n| azannaabn          |a ana     c</controlfield>
  <datafield tag="010" ind1=" " ind2=" ">
    <subfield code="a">no 00100937 </subfield>
  </datafield>
  <datafield tag="035" ind1=" " ind2=" ">
    <subfield code="a">(OCoLC)oca05376260</subfield>
  </datafield>
  <datafield tag="040" ind1=" " ind2=" ">
    <subfield code="a">NjP</subfield>
    <subfield code="b">eng</subfield>
    <subfield code="e">rda</subfield>
    <subfield code="c">NjP</subfield>
    <subfield code="d">LNT</subfield>
  </datafield>
  <datafield tag="046" ind1=" " ind2=" ">
    <subfield code="s">1988-12-18</subfield>
    <subfield code="2">edtf</subfield>
  </datafield>
  <datafield tag="110" ind1="2" ind2=" ">
    <subfield code="a">Museo archeologico &quot;Villa Sulcis&quot; (Carbonia, Italy)</subfield>
  </datafield>
  <datafield tag="368" ind1=" " ind2=" ">
    <subfield code="a">Museums</subfield>
    <subfield code="a">Archaeological museums and collections</subfield>
    <subfield code="2">lcsh</subfield>
  </datafield>
  <datafield tag="370" ind1=" " ind2=" ">
    <subfield code="c">Italy</subfield>
    <subfield code="e">Carbonia (Italy)</subfield>
    <subfield code="2">naf</subfield>
  </datafield>
  <datafield tag="371" ind1=" " ind2=" ">
    <subfield code="a">Via Campania</subfield>
    <subfield code="b">Carbonia</subfield>
    <subfield code="c">Cl</subfield>
    <subfield code="d">Italia</subfield>
    <subfield code="m">carbonia@sistemamuseo.it</subfield>
  </datafield>
  <datafield tag="372" ind1=" " ind2=" ">
    <subfield code="a">Archaeology</subfield>
    <subfield code="a">Carbonia Region (Italy)--Antiquities</subfield>
    <subfield code="2">lcsh</subfield>
  </datafield>
  <datafield tag="377" ind1=" " ind2=" ">
    <subfield code="a">ita</subfield>
  </datafield>
  <datafield tag="410" ind1="2" ind2=" ">
    <subfield code="a">Museo archeologico di Carbonia</subfield>
  </datafield>
  <datafield tag="410" ind1="2" ind2=" ">
    <subfield code="a">Civico museo archeologico di Carbonia</subfield>
  </datafield>
  <datafield tag="410" ind1="1" ind2=" ">
    <subfield code="a">Carbonia (Italy).</subfield>
    <subfield code="b">Museo archeologico &quot;Villa Sulcis&quot;</subfield>
  </datafield>
  <datafield tag="410" ind1="2" ind2=" ">
    <subfield code="a">Museo Villa Sulcis (Carbonia, Italy)</subfield>
  </datafield>
  <datafield tag="410" ind1="1" ind2=" ">
    <subfield code="a">Carbonia (Italy).</subfield>
    <subfield code="b">Museo civico</subfield>
  </datafield>
  <datafield tag="410" ind1="2" ind2=" ">
    <subfield code="a">Civico museo archeologico &quot;Villa Sulcis&quot; (Carbonia, Italy)</subfield>
  </datafield>
  <datafield tag="410" ind1="2" ind2=" ">
    <subfield code="a">Museo archeologico comunale di Carbonia</subfield>
  </datafield>
  <datafield tag="410" ind1="2" ind2=" ">
    <subfield code="a">Museo civico (Carbonia, Italy)</subfield>
  </datafield>
  <datafield tag="410" ind1="2" ind2=" ">
    <subfield code="a">Sistema museale di Carbonia.</subfield>
    <subfield code="b">Museo archeologico &quot;Villa Sulcis&quot;</subfield>
  </datafield>
  <datafield tag="510" ind1="2" ind2=" ">
    <subfield code="w">r</subfield>
    <subfield code="i">Hierarchical superior:</subfield>
    <subfield code="a">Sistema museale di Carbonia</subfield>
  </datafield>
  <datafield tag="670" ind1=" " ind2=" ">
    <subfield code="a">Il Museo archeologico di Carbonia, 1998:</subfield>
    <subfield code="b">title page (Museo archeologico di Carbonia) page 7 (Civico museo archeologico di Carbonia; numero civico 4 della Via Napoli) page 8 (Civico museo archeologico &quot;Villa Sulcis&quot;; inaugurated 18 December 1988; sections: pre-Nuragic, Nuragic, Phoenician and Punic, Roman, and materials belonging to Doneddu and Pispisa collections) page 9 (Museo archeologico comunale di Carbonia) page 11 (archaeological evidence of Sulcis, particularly territory of comune of Carbonia; includes finds from Monte Sirai)</subfield>
  </datafield>
  <datafield tag="670" ind1=" " ind2=" ">
    <subfield code="a">Carbonia Italy WWW homepage, Dec. 11, 2000</subfield>
    <subfield code="b">(Museo archeologico &quot;Villa Sulcis&quot;)</subfield>
  </datafield>
  <datafield tag="670" ind1=" " ind2=" ">
    <subfield code="a">Monte Sirai, 2001:</subfield>
    <subfield code="b">t.p. (Museo archeologico &quot;Villa Sulcis&quot;) p. facing t.p. (Museo Villa Sulcis) p. 5 (città di Carbonia; Museo civico)</subfield>
  </datafield>
  <datafield tag="670" ind1=" " ind2=" ">
    <subfield code="a">Sistema museale di Carbonia website, 2 January 2020:</subfield>
    <subfield code="b">main page (Museo Archeologico Villa Sulcis; Sistema Museale di Carbonia) Museo archeologico Villa Sulcis (a territorial museum that tells about the archaeological landscape from Early Neolithic to Byzantine period; heart of Sistema Museale della città di Carbonia (SIMUC); holder, through Comune di Carbonia, of researches in area of Nuraghe Sirai; renovated 2008 in its current structure; displays finds from numerous sites in the zone: Su Carroppu, Monte Crobu, Cannas di Sotto, Locci Santus, the basic archaeological area of Monte Sirai, Nuraghe Sirai, which has become Parco Archeologico del Sulcis; address: Via Campania, Carbonia (Cl); carbonia@sistemamuseo.it)</subfield>
    <subfield code="u">https://www.carboniamusei.it</subfield>
  </datafield>
  <datafield tag="675" ind1=" " ind2=" ">
    <subfield code="a">Int. dir. of arts, 1998/99.</subfield>
  </datafield>
</record>