
<record>
  <leader>01165cz  a2200241n  4500</leader>
  <controlfield tag="001">5297377</controlfield>
  <controlfield tag="003">DLC</controlfield>
  <controlfield tag="005">20200104073447.0</controlfield>
  <controlfield tag="008">000731n| azannaabn          |b aaa      </controlfield>
  <datafield tag="010" ind1=" " ind2=" ">
    <subfield code="a">nr 00024844 </subfield>
  </datafield>
  <datafield tag="035" ind1=" " ind2=" ">
    <subfield code="a">(OCoLC)oca05415037</subfield>
  </datafield>
  <datafield tag="040" ind1=" " ind2=" ">
    <subfield code="a">DLC-R</subfield>
    <subfield code="b">eng</subfield>
    <subfield code="e">rda</subfield>
    <subfield code="c">DLC-R</subfield>
    <subfield code="d">OCoLC</subfield>
    <subfield code="d">CtY</subfield>
    <subfield code="d">MH</subfield>
  </datafield>
  <datafield tag="100" ind1="1" ind2=" ">
    <subfield code="a">Tian, Daxian</subfield>
  </datafield>
  <datafield tag="373" ind1=" " ind2=" ">
    <subfield code="a">Shanxi shi fan da xue (Xi&apos;an, Shaanxi Sheng, China)</subfield>
    <subfield code="2">naf</subfield>
  </datafield>
  <datafield tag="374" ind1=" " ind2=" ">
    <subfield code="a">University and college faculty members</subfield>
    <subfield code="2">lcdgt</subfield>
  </datafield>
  <datafield tag="400" ind1="1" ind2=" ">
    <subfield code="a">田大宪</subfield>
  </datafield>
  <datafield tag="400" ind1="1" ind2=" ">
    <subfield code="a">田大憲</subfield>
  </datafield>
  <datafield tag="667" ind1=" " ind2=" ">
    <subfield code="a">Machine-derived non-Latin script reference project.</subfield>
  </datafield>
  <datafield tag="667" ind1=" " ind2=" ">
    <subfield code="a">Non-Latin script references not evaluated.</subfield>
  </datafield>
  <datafield tag="667" ind1=" " ind2=" ">
    <subfield code="a">Non-Latin script references reviewed in NACO CJK Funnel References Project.</subfield>
  </datafield>
  <datafield tag="670" ind1=" " ind2=" ">
    <subfield code="a">Chung-kuo ku tai shen mi shu tzu, 1998:</subfield>
    <subfield code="b">t.p. (Tʻien Ta-hsien)</subfield>
  </datafield>
  <datafield tag="670" ind1=" " ind2=" ">
    <subfield code="a">Zhongguo ku dai shen mi shu zi, 2018:</subfield>
    <subfield code="b">title page (田大宪 = Tian Daxian) front cover flap (professor, Shanxi shi fan da xue xin wen yu chuan bo xue yuan; authored Zhongguo gu dai shen mi shu zi de li shi sheng cheng yu yan jiu lu jing, etc.)</subfield>
  </datafield>
  <datafield tag="670" ind1=" " ind2=" ">
    <subfield code="a">OCLC #1035871576, December 19, 2019</subfield>
    <subfield code="b">(access point: 田大宪 = Tian, Daxian; usage: 田大宪 = Tian Daxian)</subfield>
  </datafield>
</record>