
<record>
  <leader>01582cz  a2200349n  4500</leader>
  <controlfield tag="001">5305199</controlfield>
  <controlfield tag="003">DLC</controlfield>
  <controlfield tag="005">20200104073447.0</controlfield>
  <controlfield tag="008">010215n| azannaabn          |b aac      </controlfield>
  <datafield tag="010" ind1=" " ind2=" ">
    <subfield code="a">nr2001005310</subfield>
  </datafield>
  <datafield tag="035" ind1=" " ind2=" ">
    <subfield code="a">(OCoLC)oca05423088</subfield>
  </datafield>
  <datafield tag="040" ind1=" " ind2=" ">
    <subfield code="a">DLC-R</subfield>
    <subfield code="b">eng</subfield>
    <subfield code="e">rda</subfield>
    <subfield code="c">DLC-R</subfield>
    <subfield code="d">DLC</subfield>
    <subfield code="d">OCoLC</subfield>
    <subfield code="d">DLC</subfield>
    <subfield code="d">HkJHD</subfield>
  </datafield>
  <datafield tag="046" ind1=" " ind2=" ">
    <subfield code="g">-0120</subfield>
  </datafield>
  <datafield tag="100" ind1="1" ind2=" ">
    <subfield code="a">Gongsun, Hong,</subfield>
    <subfield code="d">-121 B.C.</subfield>
  </datafield>
  <datafield tag="400" ind1="1" ind2=" ">
    <subfield code="w">nnea</subfield>
    <subfield code="a">Gongsun, Hong,</subfield>
    <subfield code="d">d. 121 B.C.</subfield>
  </datafield>
  <datafield tag="400" ind1="1" ind2=" ">
    <subfield code="a">Kōson, Kō,</subfield>
    <subfield code="d">-121 B.C.</subfield>
  </datafield>
  <datafield tag="400" ind1="1" ind2=" ">
    <subfield code="a">公孫宏,</subfield>
    <subfield code="d">-121 B.C.</subfield>
  </datafield>
  <datafield tag="400" ind1="1" ind2=" ">
    <subfield code="a">公孫弘,</subfield>
    <subfield code="d">-121 B.C.</subfield>
  </datafield>
  <datafield tag="400" ind1="1" ind2=" ">
    <subfield code="a">公孙弘,</subfield>
    <subfield code="d">-121 B.C.</subfield>
  </datafield>
  <datafield tag="667" ind1=" " ind2=" ">
    <subfield code="a">Machine-derived non-Latin script reference project.</subfield>
  </datafield>
  <datafield tag="667" ind1=" " ind2=" ">
    <subfield code="a">Non-Latin script references not evaluated.</subfield>
  </datafield>
  <datafield tag="667" ind1=" " ind2=" ">
    <subfield code="a">Non-Latin script references reviewed in NACO CJK Funnel References Project.</subfield>
  </datafield>
  <datafield tag="670" ind1=" " ind2=" ">
    <subfield code="a">Fūkō akukikyō genkai, 1797:</subfield>
    <subfield code="b">p. 1 (Kōson Kō [Jpn. rdg.])</subfield>
  </datafield>
  <datafield tag="670" ind1=" " ind2=" ">
    <subfield code="a">RLIN database</subfield>
    <subfield code="b">(Gongsun Hong; 199-120 B.C.)</subfield>
  </datafield>
  <datafield tag="670" ind1=" " ind2=" ">
    <subfield code="a">Gaikoku jinmei j.</subfield>
    <subfield code="b">(Kōson Kō, 200-121 B.C.)</subfield>
  </datafield>
  <datafield tag="670" ind1=" " ind2=" ">
    <subfield code="a">Ajia rekishi j.</subfield>
    <subfield code="b">(Kōson Kō, 200-121 B.C.)</subfield>
  </datafield>
  <datafield tag="670" ind1=" " ind2=" ">
    <subfield code="a">Tōyō rekishi d.j.</subfield>
    <subfield code="b">(Kōson Kō, 199-121 B.C.)</subfield>
  </datafield>
  <datafield tag="670" ind1=" " ind2=" ">
    <subfield code="a">Li dai ming ren nian li bei zhuan zong biao</subfield>
    <subfield code="b">(Gongsun Hong; 200-121 B.C.)</subfield>
  </datafield>
  <datafield tag="670" ind1=" " ind2=" ">
    <subfield code="a">Zhongguo li shi ren wu sheng zu nian biao</subfield>
    <subfield code="b">(Gongsun; 201-121 B.C.)</subfield>
  </datafield>
  <datafield tag="670" ind1=" " ind2=" ">
    <subfield code="a">OCLC #60709229, 3 January 2020</subfield>
    <subfield code="b">(access point: 公孫弘, -121 B.C. = Gongsun, Hong, -121 B.C.; usage: 公孫弘 = Gongsun Hong)</subfield>
  </datafield>
  <datafield tag="670" ind1=" " ind2=" ">
    <subfield code="a">OCLC #895913314, 3 January 2020</subfield>
    <subfield code="b">(access point: 公孫宏, -121 B.C. = Gongsun, Hong, -121 B.C.; usage: 公孫宏 = Gongsun Hong)</subfield>
  </datafield>
  <datafield tag="953" ind1=" " ind2=" ">
    <subfield code="b">ta03</subfield>
  </datafield>
</record>