
<record>
  <leader>01017cz  a2200229n  4500</leader>
  <controlfield tag="001">5339556</controlfield>
  <controlfield tag="003">DLC</controlfield>
  <controlfield tag="005">20200104073447.0</controlfield>
  <controlfield tag="008">010402n| azannaabn          |b aaa      </controlfield>
  <datafield tag="010" ind1=" " ind2=" ">
    <subfield code="a">nr2001011702</subfield>
  </datafield>
  <datafield tag="035" ind1=" " ind2=" ">
    <subfield code="a">(OCoLC)oca05456968</subfield>
  </datafield>
  <datafield tag="040" ind1=" " ind2=" ">
    <subfield code="a">DLC-R</subfield>
    <subfield code="b">eng</subfield>
    <subfield code="c">DLC-R</subfield>
    <subfield code="d">DLC</subfield>
    <subfield code="d">OCoLC</subfield>
    <subfield code="e">rda</subfield>
    <subfield code="d">DLC</subfield>
    <subfield code="d">CaLaUCEA</subfield>
  </datafield>
  <datafield tag="046" ind1=" " ind2=" ">
    <subfield code="f">1958</subfield>
    <subfield code="2">edtf</subfield>
  </datafield>
  <datafield tag="100" ind1="1" ind2=" ">
    <subfield code="a">Chŏng, Chin-sang</subfield>
  </datafield>
  <datafield tag="400" ind1="1" ind2=" ">
    <subfield code="a">정 진상</subfield>
  </datafield>
  <datafield tag="400" ind1="1" ind2=" ">
    <subfield code="a">정진상</subfield>
  </datafield>
  <datafield tag="667" ind1=" " ind2=" ">
    <subfield code="a">Machine-derived non-Latin script reference project.</subfield>
  </datafield>
  <datafield tag="667" ind1=" " ind2=" ">
    <subfield code="a">Non-Latin script references not evaluated.</subfield>
  </datafield>
  <datafield tag="667" ind1=" " ind2=" ">
    <subfield code="a">Non-Latin script references reviewed in NACO CJK Funnel References Project.</subfield>
  </datafield>
  <datafield tag="670" ind1=" " ind2=" ">
    <subfield code="a">Han&apos;guk chŏnjaeng kwa Han&apos;guk chabonjuŭi, 2000:</subfield>
    <subfield code="b">cover (정 진상 = Chŏng Chin-sang) jacket (sahoehak paksa, Sŏul Taehakkyo; prof., Kyŏngsang Taehakkyo Sahoe Hakkwa)</subfield>
  </datafield>
  <datafield tag="670" ind1=" " ind2=" ">
    <subfield code="a">Kungniptae tʻonghap netŭwŏkʻŭ:</subfield>
    <subfield code="b">t.p. (정 진상 = Chŏng Chin-sang) ft. flap (b. 1958 in Kyŏngnam Sanch&apos;ŏng; author of Han&apos;guk chŏnjaeng kwa Han&apos;guk chabonjuŭi)</subfield>
  </datafield>
  <datafield tag="953" ind1=" " ind2=" ">
    <subfield code="b">yc25</subfield>
  </datafield>
</record>