
<record>
  <leader>01504cz  a2200301n  4500</leader>
  <controlfield tag="001">5387611</controlfield>
  <controlfield tag="003">DLC</controlfield>
  <controlfield tag="005">20200104073447.0</controlfield>
  <controlfield tag="008">010601n| azannaabn          |n aaa      </controlfield>
  <datafield tag="010" ind1=" " ind2=" ">
    <subfield code="a">n 2001022023</subfield>
  </datafield>
  <datafield tag="016" ind1=" " ind2=" ">
    <subfield code="a">1006C0585E</subfield>
  </datafield>
  <datafield tag="035" ind1=" " ind2=" ">
    <subfield code="a">(OCoLC)oca05502420</subfield>
  </datafield>
  <datafield tag="040" ind1=" " ind2=" ">
    <subfield code="a">DLC</subfield>
    <subfield code="b">eng</subfield>
    <subfield code="e">rda</subfield>
    <subfield code="c">DLC</subfield>
    <subfield code="d">UPB</subfield>
    <subfield code="d">CaBViV</subfield>
    <subfield code="d">CaOONL</subfield>
  </datafield>
  <datafield tag="046" ind1=" " ind2=" ">
    <subfield code="f">1970-09-17</subfield>
    <subfield code="2">edtf</subfield>
  </datafield>
  <datafield tag="053" ind1=" " ind2="0">
    <subfield code="a">PR9199.3.D4915</subfield>
  </datafield>
  <datafield tag="100" ind1="1" ind2=" ">
    <subfield code="a">Dewinetz, Jason,</subfield>
    <subfield code="d">1970-</subfield>
  </datafield>
  <datafield tag="370" ind1=" " ind2=" ">
    <subfield code="e">Okanagan Valley (B.C. : Region)</subfield>
    <subfield code="2">lcsh</subfield>
  </datafield>
  <datafield tag="372" ind1=" " ind2=" ">
    <subfield code="a">Fine printing</subfield>
    <subfield code="a">English</subfield>
    <subfield code="a">Creative writing</subfield>
    <subfield code="a">Publication design</subfield>
  </datafield>
  <datafield tag="373" ind1=" " ind2=" ">
    <subfield code="a">University of Victoria (B.C.)</subfield>
    <subfield code="2">naf</subfield>
    <subfield code="s">2001</subfield>
    <subfield code="t">2004</subfield>
  </datafield>
  <datafield tag="373" ind1=" " ind2=" ">
    <subfield code="a">University of British Columbia. Okanagan Campus</subfield>
    <subfield code="2">naf</subfield>
  </datafield>
  <datafield tag="374" ind1=" " ind2=" ">
    <subfield code="a">Writer</subfield>
    <subfield code="a">Editor</subfield>
    <subfield code="a">Typographer</subfield>
    <subfield code="a">Printer</subfield>
    <subfield code="a">Publisher</subfield>
    <subfield code="a">Educator</subfield>
  </datafield>
  <datafield tag="375" ind1=" " ind2=" ">
    <subfield code="a">male</subfield>
  </datafield>
  <datafield tag="377" ind1=" " ind2=" ">
    <subfield code="a">eng</subfield>
  </datafield>
  <datafield tag="670" ind1=" " ind2=" ">
    <subfield code="a">Dewinetz, Jason. The gift of a good knife, 2000:</subfield>
    <subfield code="b">t.p. (Jason Dewinetz) Can CIP (hdg.: Dewinetz, Jason, 1970-)</subfield>
  </datafield>
  <datafield tag="670" ind1=" " ind2=" ">
    <subfield code="a">Greenboathouse Press, 7 January 2013</subfield>
    <subfield code="b">(Jason Dewinetz is a writer, editor, typographer, printer, publisher, and educator originally from, and now living back in, the Okanagan Valley; taught Publication Design at the University of Victoria (2001-2004), Jason is currently an instructor in English, Creative Writing and Publication Design at Okanagan College)</subfield>
  </datafield>
  <datafield tag="670" ind1=" " ind2=" ">
    <subfield code="a">Canadiana database, viewed 03 December 2019</subfield>
    <subfield code="b">(Authorized access point: Dewinetz, Jason, 1970- ; birthdate Sept. 17, 1970; Canadian)</subfield>
  </datafield>
  <datafield tag="700" ind1="1" ind2="6">
    <subfield code="a">Dewinetz, Jason,</subfield>
    <subfield code="d">1970-</subfield>
    <subfield code="0">(CaOONL)ncf10442061</subfield>
  </datafield>
  <datafield tag="953" ind1=" " ind2=" ">
    <subfield code="a">yh06</subfield>
  </datafield>
</record>