
<record>
  <leader>01612cz  a2200265n  4500</leader>
  <controlfield tag="001">5396488</controlfield>
  <controlfield tag="003">DLC</controlfield>
  <controlfield tag="005">20200104073447.0</controlfield>
  <controlfield tag="008">010613n| azannaabn          |a ana      </controlfield>
  <datafield tag="010" ind1=" " ind2=" ">
    <subfield code="a">n 2001109437</subfield>
  </datafield>
  <datafield tag="035" ind1=" " ind2=" ">
    <subfield code="a">(OCoLC)oca05511706</subfield>
  </datafield>
  <datafield tag="040" ind1=" " ind2=" ">
    <subfield code="a">DLC</subfield>
    <subfield code="b">eng</subfield>
    <subfield code="e">rda</subfield>
    <subfield code="c">DLC</subfield>
    <subfield code="d">ViU</subfield>
    <subfield code="d">Uk</subfield>
    <subfield code="d">IEN</subfield>
    <subfield code="d">NNU-L</subfield>
  </datafield>
  <datafield tag="110" ind1="2" ind2=" ">
    <subfield code="a">European Commission.</subfield>
    <subfield code="b">Directorate-General for Taxation and the Customs Union</subfield>
  </datafield>
  <datafield tag="410" ind1="2" ind2=" ">
    <subfield code="a">European Commission.</subfield>
    <subfield code="b">Directorate-General, Taxation &amp; Customs Union</subfield>
  </datafield>
  <datafield tag="410" ind1="2" ind2=" ">
    <subfield code="a">European Commission.</subfield>
    <subfield code="b">Taxation and Customs Union</subfield>
  </datafield>
  <datafield tag="410" ind1="2" ind2=" ">
    <subfield code="a">Directorate-General for Taxation and the Customs Union (European Commission)</subfield>
  </datafield>
  <datafield tag="410" ind1="2" ind2=" ">
    <subfield code="a">Taxation and Customs Union (European Commission)</subfield>
  </datafield>
  <datafield tag="410" ind1="2" ind2=" ">
    <subfield code="a">European Commission.</subfield>
    <subfield code="b">DG XXI</subfield>
  </datafield>
  <datafield tag="410" ind1="2" ind2=" ">
    <subfield code="a">European Commission.</subfield>
    <subfield code="b">DG Taxation and Customs Union</subfield>
  </datafield>
  <datafield tag="670" ind1=" " ind2=" ">
    <subfield code="a">Tax policy in the European Union, 2000:</subfield>
    <subfield code="b">p. [2] of cover (European Commission, Directorate-General for Taxation and the Customs Union)</subfield>
  </datafield>
  <datafield tag="670" ind1=" " ind2=" ">
    <subfield code="a">Tax-based EU own resources, c2004:</subfield>
    <subfield code="b">cover (European Commission. Directorate-General, Taxation &amp; Customs Union) p. 2 of cover (Directorate-General for Taxation and Customs Union)</subfield>
  </datafield>
  <datafield tag="670" ind1=" " ind2=" ">
    <subfield code="a">Taxation and Custom Union&apos;s WWW homepage on the European Commission&apos;s WWW site, viewed Sept. 10, 2004:</subfield>
    <subfield code="b">(European Commission, Taxation and Customs Union; Taxation and Customs Union)</subfield>
  </datafield>
  <datafield tag="670" ind1=" " ind2=" ">
    <subfield code="a">More jobs, less tax evasion, cleaner environment, 1997:</subfield>
    <subfield code="b">t.p. (European Commission, DG XXI)</subfield>
  </datafield>
  <datafield tag="670" ind1=" " ind2=" ">
    <subfield code="a">Taxation trends in the European Union, 2019 edition:</subfield>
    <subfield code="b">t.p. (DG Taxation and Customs Union) cover (European Commission; Taxation and Customs Union)</subfield>
  </datafield>
  <datafield tag="953" ind1=" " ind2=" ">
    <subfield code="a">se45</subfield>
  </datafield>
</record>