
<record>
  <leader>00778cz  a2200205n  4500</leader>
  <controlfield tag="001">5401538</controlfield>
  <controlfield tag="003">DLC</controlfield>
  <controlfield tag="005">20200104073448.0</controlfield>
  <controlfield tag="008">010621n| azannaabn          |b aaa      </controlfield>
  <datafield tag="010" ind1=" " ind2=" ">
    <subfield code="a">n 2001046633</subfield>
  </datafield>
  <datafield tag="035" ind1=" " ind2=" ">
    <subfield code="a">(OCoLC)oca05517185</subfield>
  </datafield>
  <datafield tag="040" ind1=" " ind2=" ">
    <subfield code="a">DLC</subfield>
    <subfield code="b">eng</subfield>
    <subfield code="e">rda</subfield>
    <subfield code="c">DLC</subfield>
    <subfield code="d">OCoLC</subfield>
    <subfield code="d">NNC</subfield>
    <subfield code="d">MH</subfield>
  </datafield>
  <datafield tag="100" ind1="1" ind2=" ">
    <subfield code="a">Wang, Yibing</subfield>
  </datafield>
  <datafield tag="400" ind1="1" ind2=" ">
    <subfield code="a">王一兵</subfield>
  </datafield>
  <datafield tag="667" ind1=" " ind2=" ">
    <subfield code="a">Machine-derived non-Latin script reference project.</subfield>
  </datafield>
  <datafield tag="667" ind1=" " ind2=" ">
    <subfield code="a">Non-Latin script reference not evaluated.</subfield>
  </datafield>
  <datafield tag="667" ind1=" " ind2=" ">
    <subfield code="a">Non-Latin script references reviewed in NACO CJK Funnel References Project.</subfield>
  </datafield>
  <datafield tag="670" ind1=" " ind2=" ">
    <subfield code="a">Liang ko Chung-kuo ming yün ti chüeh chan, 1987:</subfield>
    <subfield code="b">colophon (Wang I-ping)</subfield>
  </datafield>
  <datafield tag="670" ind1=" " ind2=" ">
    <subfield code="a">OCLC database, viewed March 1, 2019, Liang ge Zhongguo ming yun de jue zhan, 1987</subfield>
    <subfield code="b">(usage: 王一兵 = Wang Yibing)</subfield>
  </datafield>
  <datafield tag="953" ind1=" " ind2=" ">
    <subfield code="a">yc05</subfield>
  </datafield>
</record>