
<record>
  <leader>01535cz  a2200361n  4500</leader>
  <controlfield tag="001">5429583</controlfield>
  <controlfield tag="003">DLC</controlfield>
  <controlfield tag="005">20200104073448.0</controlfield>
  <controlfield tag="008">010725n| azannaabn          |b aaa     c</controlfield>
  <datafield tag="010" ind1=" " ind2=" ">
    <subfield code="a">no2001058584</subfield>
  </datafield>
  <datafield tag="035" ind1=" " ind2=" ">
    <subfield code="a">(OCoLC)oca05541743</subfield>
  </datafield>
  <datafield tag="040" ind1=" " ind2=" ">
    <subfield code="a">MdU-MA</subfield>
    <subfield code="b">eng</subfield>
    <subfield code="e">rda</subfield>
    <subfield code="c">MdU-MA</subfield>
    <subfield code="d">OCoLC</subfield>
    <subfield code="d">OrPlMLA</subfield>
    <subfield code="d">MH</subfield>
  </datafield>
  <datafield tag="046" ind1=" " ind2=" ">
    <subfield code="f">19550422</subfield>
  </datafield>
  <datafield tag="100" ind1="1" ind2=" ">
    <subfield code="a">To, Johnny</subfield>
  </datafield>
  <datafield tag="370" ind1=" " ind2=" ">
    <subfield code="a">Hong Kong, China</subfield>
  </datafield>
  <datafield tag="374" ind1=" " ind2=" ">
    <subfield code="a">Motion picture producers and directors</subfield>
    <subfield code="a">Screenwriters</subfield>
    <subfield code="a">Actors</subfield>
    <subfield code="2">lcsh</subfield>
  </datafield>
  <datafield tag="375" ind1=" " ind2=" ">
    <subfield code="a">male</subfield>
  </datafield>
  <datafield tag="400" ind1="1" ind2=" ">
    <subfield code="a">Du, Qifeng</subfield>
  </datafield>
  <datafield tag="400" ind1="1" ind2=" ">
    <subfield code="a">To, Johnnie</subfield>
  </datafield>
  <datafield tag="400" ind1="1" ind2=" ">
    <subfield code="a">To, Kai Fung</subfield>
  </datafield>
  <datafield tag="400" ind1="1" ind2=" ">
    <subfield code="a">To, Kei-Fung</subfield>
  </datafield>
  <datafield tag="400" ind1="1" ind2=" ">
    <subfield code="a">杜琪峯</subfield>
  </datafield>
  <datafield tag="400" ind1="1" ind2=" ">
    <subfield code="a">杜琪峰</subfield>
  </datafield>
  <datafield tag="667" ind1=" " ind2=" ">
    <subfield code="a">Machine-derived non-Latin script reference project.</subfield>
  </datafield>
  <datafield tag="667" ind1=" " ind2=" ">
    <subfield code="a">Non-Latin script references not evaluated.</subfield>
  </datafield>
  <datafield tag="667" ind1=" " ind2=" ">
    <subfield code="a">Non-Latin script references reviewed in NACO CJK Funnel References Project.</subfield>
  </datafield>
  <datafield tag="675" ind1=" " ind2=" ">
    <subfield code="a">Halliwell&apos;s WW in the movies, 1999.</subfield>
  </datafield>
  <datafield tag="670" ind1=" " ind2=" ">
    <subfield code="a">Cheung fo, c1999:</subfield>
    <subfield code="b">closing credits (Johnny To)</subfield>
  </datafield>
  <datafield tag="670" ind1=" " ind2=" ">
    <subfield code="a">Internet movie database, July 24, 2001</subfield>
    <subfield code="b">(Johnny To; sometimes credited as Qifeng Du, Johnnie To, Kai Fung To, Kei-Fung To; director, producer, actor)</subfield>
  </datafield>
  <datafield tag="670" ind1=" " ind2=" ">
    <subfield code="a">Che shou, 2013:</subfield>
    <subfield code="b">credits (杜琪峯 = Du Qifeng; Johnnie To; producer)</subfield>
  </datafield>
  <datafield tag="670" ind1=" " ind2=" ">
    <subfield code="a">Baidu WWW site, May 28, 2013</subfield>
    <subfield code="b">(b. Apr. 22, 1955 in Hong Kong; male; film director, producer, screenwriter)</subfield>
  </datafield>
  <datafield tag="670" ind1=" " ind2=" ">
    <subfield code="a">Johnnie To Kei-Fung&apos;s PTU, 2009:</subfield>
    <subfield code="b">introd. (Hong Kong filmmaker)</subfield>
  </datafield>
  <datafield tag="670" ind1=" " ind2=" ">
    <subfield code="a">OCLC #427737768, December 23, 2019</subfield>
    <subfield code="b">(access point: 杜琪峯 = To, Johnny; usage: 杜琪峯 = Du Qifeng)</subfield>
  </datafield>
</record>