
<record>
  <leader>01220cz  a2200241n  4500</leader>
  <controlfield tag="001">5438218</controlfield>
  <controlfield tag="003">DLC</controlfield>
  <controlfield tag="005">20200104073448.0</controlfield>
  <controlfield tag="008">010803n| azannaabn          |b aaa     c</controlfield>
  <datafield tag="010" ind1=" " ind2=" ">
    <subfield code="a">no2001061684</subfield>
  </datafield>
  <datafield tag="035" ind1=" " ind2=" ">
    <subfield code="a">(OCoLC)oca05550323</subfield>
  </datafield>
  <datafield tag="040" ind1=" " ind2=" ">
    <subfield code="a">OrU</subfield>
    <subfield code="b">eng</subfield>
    <subfield code="e">rda</subfield>
    <subfield code="c">OrU</subfield>
    <subfield code="d">OCoLC</subfield>
    <subfield code="d">DLC</subfield>
    <subfield code="d">MH</subfield>
  </datafield>
  <datafield tag="100" ind1="1" ind2=" ">
    <subfield code="a">Tong, Zhenhua,</subfield>
    <subfield code="d">1936 December-</subfield>
  </datafield>
  <datafield tag="373" ind1=" " ind2=" ">
    <subfield code="a">Zhejiang Zhejiang fa zheng zhuan ke xue xiao</subfield>
  </datafield>
  <datafield tag="374" ind1=" " ind2=" ">
    <subfield code="a">Professor</subfield>
    <subfield code="a">Vice president</subfield>
  </datafield>
  <datafield tag="400" ind1="1" ind2=" ">
    <subfield code="a">童振华,</subfield>
    <subfield code="d">1936 December-</subfield>
  </datafield>
  <datafield tag="400" ind1="1" ind2=" ">
    <subfield code="a">童振華,</subfield>
    <subfield code="d">1936 December-</subfield>
  </datafield>
  <datafield tag="667" ind1=" " ind2=" ">
    <subfield code="a">Machine-derived non-Latin script reference project.</subfield>
  </datafield>
  <datafield tag="667" ind1=" " ind2=" ">
    <subfield code="a">Non-Latin script references not evaluated.</subfield>
  </datafield>
  <datafield tag="667" ind1=" " ind2=" ">
    <subfield code="a">Non-Latin script references reviewed in NACO CJK Funnel References Project.</subfield>
  </datafield>
  <datafield tag="670" ind1=" " ind2=" ">
    <subfield code="a">His Chung-kuo ching chi fa chiao hsüeh ta kang, 1989:</subfield>
    <subfield code="b">t.p. (Tʻung Chen-hua)</subfield>
  </datafield>
  <datafield tag="670" ind1=" " ind2=" ">
    <subfield code="a">Sou gou bai ke website 2014-08-22:</subfield>
    <subfield code="b">(b. December 1936, Zhejiang Lanxi people;  associate professor, vice president of Zhejiang Zhejiang fa zheng zhuan ke xue xiao)</subfield>
    <subfield code="u">http://baike.sogou.com/v70292590.htm?sp=SST%E7%AB%A5%E6%8C%AF%E5%8D%8E</subfield>
  </datafield>
  <datafield tag="670" ind1=" " ind2=" ">
    <subfield code="a">OCLC #26189247, December 23, 2019</subfield>
    <subfield code="b">(access point: 童振华, 1936 December- = Tong, Zhenhua, 1936 December-; usage: 童振华 = Tong Zhenhua)</subfield>
  </datafield>
</record>