
<record>
  <leader>01139cz  a2200217n  4500</leader>
  <controlfield tag="001">5488086</controlfield>
  <controlfield tag="003">DLC</controlfield>
  <controlfield tag="005">20200104073449.0</controlfield>
  <controlfield tag="008">011009n| azannaabn          |n aaa     c</controlfield>
  <datafield tag="010" ind1=" " ind2=" ">
    <subfield code="a">no2001080195</subfield>
  </datafield>
  <datafield tag="035" ind1=" " ind2=" ">
    <subfield code="a">(OCoLC)oca05600663</subfield>
  </datafield>
  <datafield tag="040" ind1=" " ind2=" ">
    <subfield code="a">NBuU</subfield>
    <subfield code="b">eng</subfield>
    <subfield code="e">rda</subfield>
    <subfield code="c">NBuU</subfield>
    <subfield code="d">OU</subfield>
  </datafield>
  <datafield tag="046" ind1=" " ind2=" ">
    <subfield code="f">1906</subfield>
    <subfield code="g">1988</subfield>
    <subfield code="2">edtf</subfield>
  </datafield>
  <datafield tag="100" ind1="1" ind2=" ">
    <subfield code="a">Kuhlmann, Walter,</subfield>
    <subfield code="d">1906-1988</subfield>
  </datafield>
  <datafield tag="370" ind1=" " ind2=" ">
    <subfield code="a">Freiburg im Breisgau (Germany)</subfield>
    <subfield code="b">Freiburg im Breisgau (Germany)</subfield>
    <subfield code="2">naf</subfield>
  </datafield>
  <datafield tag="374" ind1=" " ind2=" ">
    <subfield code="a">Linguists</subfield>
    <subfield code="a">Authors</subfield>
    <subfield code="2">lcsh</subfield>
  </datafield>
  <datafield tag="375" ind1=" " ind2=" ">
    <subfield code="a">Males</subfield>
    <subfield code="2">lcdgt</subfield>
  </datafield>
  <datafield tag="670" ind1=" " ind2=" ">
    <subfield code="a">Vom Normcharakter der Sprache, 1966:</subfield>
    <subfield code="b">t.p. (Walter Kuhlmann)</subfield>
  </datafield>
  <datafield tag="670" ind1=" " ind2=" ">
    <subfield code="a">OCLC, Oct. 8, 2001</subfield>
    <subfield code="b">(hdg.: Kuhlmann, Walter, 1906- ; usage: Walter Kuhlmann)</subfield>
  </datafield>
  <datafield tag="670" ind1=" " ind2=" ">
    <subfield code="a">German National Library via VIAF, Jan. 3, 2020</subfield>
    <subfield code="b">(identifier: http://d-nb.info/gnd/1012780848; GAC: XA-DE; other class #: 00p sswd; preferred: Kuhlmann, Walter 1906-1988; related: Freiburg &lt;im Breisgau&gt;, Freiburg &lt;im Breisgau&gt;)</subfield>
    <subfield code="u">http://www.viaf.org/processed/DNB%7C1012780848</subfield>
  </datafield>
  <datafield tag="670" ind1=" " ind2=" ">
    <subfield code="a">ISNI via VIAF, Jan. 3, 2020</subfield>
    <subfield code="b">(identifier: 0000000120557410; preferred: Kuhlmann, Walter 1906-1988; variant: Kuhlmann, Walter)</subfield>
    <subfield code="u">http://www.viaf.org/processed/ISNI%7C0000000120557410</subfield>
  </datafield>
</record>