
<record>
  <leader>00689cz  a2200181n  4500</leader>
  <controlfield tag="001">5524744</controlfield>
  <controlfield tag="003">DLC</controlfield>
  <controlfield tag="005">20200104073450.0</controlfield>
  <controlfield tag="008">011129n| azannaabn          |n aaa      </controlfield>
  <datafield tag="010" ind1=" " ind2=" ">
    <subfield code="a">nb2001089781</subfield>
  </datafield>
  <datafield tag="035" ind1=" " ind2=" ">
    <subfield code="a">(OCoLC)oca05638560</subfield>
  </datafield>
  <datafield tag="040" ind1=" " ind2=" ">
    <subfield code="a">Uk</subfield>
    <subfield code="b">eng</subfield>
    <subfield code="e">rda</subfield>
    <subfield code="c">Uk</subfield>
    <subfield code="d">StEdNL</subfield>
  </datafield>
  <datafield tag="046" ind1=" " ind2=" ">
    <subfield code="f">1960-11</subfield>
    <subfield code="2">edtf</subfield>
  </datafield>
  <datafield tag="100" ind1="1" ind2=" ">
    <subfield code="a">Mahtani, Deepak</subfield>
  </datafield>
  <datafield tag="370" ind1=" " ind2=" ">
    <subfield code="c">Great Britain</subfield>
    <subfield code="2">naf</subfield>
  </datafield>
  <datafield tag="377" ind1=" " ind2=" ">
    <subfield code="a">eng</subfield>
  </datafield>
  <datafield tag="670" ind1=" " ind2=" ">
    <subfield code="a">The British and how to deal with them: doing business with Britain&apos;s ethnic communities, 2001:</subfield>
    <subfield code="b">t.p. (Deepak Mahtani)</subfield>
  </datafield>
  <datafield tag="670" ind1=" " ind2=" ">
    <subfield code="a">Companies House WWW site, 3 Jan., 2020</subfield>
    <subfield code="b">(Deepak Mahtani; Date of birth: November 1960)</subfield>
    <subfield code="u">https://beta.companieshouse.gov.uk/officers/EWfEwOT64DhyPI82HjbFKHPpMQ8/appointments</subfield>
  </datafield>
</record>