
<record>
  <leader>00584cz  a2200157n  4500</leader>
  <controlfield tag="001">5591114</controlfield>
  <controlfield tag="003">DLC</controlfield>
  <controlfield tag="005">20200104073507.0</controlfield>
  <controlfield tag="008">020301n| azannaabn          |n aaa     c</controlfield>
  <datafield tag="010" ind1=" " ind2=" ">
    <subfield code="a">no2002017361</subfield>
  </datafield>
  <datafield tag="035" ind1=" " ind2=" ">
    <subfield code="a">(OCoLC)oca05698528</subfield>
  </datafield>
  <datafield tag="040" ind1=" " ind2=" ">
    <subfield code="a">OBgU-MA</subfield>
    <subfield code="b">eng</subfield>
    <subfield code="e">rda</subfield>
    <subfield code="c">OBgU-MA</subfield>
    <subfield code="d">DLC</subfield>
    <subfield code="d">MH</subfield>
  </datafield>
  <datafield tag="100" ind1="1" ind2=" ">
    <subfield code="a">Fisher, Mike</subfield>
    <subfield code="c">(Percussionist)</subfield>
  </datafield>
  <datafield tag="667" ind1=" " ind2=" ">
    <subfield code="a">Cannot identify with: Fisher, Michael (Michael G.) (LCCN n 2017042848)</subfield>
  </datafield>
  <datafield tag="670" ind1=" " ind2=" ">
    <subfield code="a">Upchurch, P. Name of the game [SR] 1983:</subfield>
    <subfield code="b">container (Mike Fisher, percussionist)</subfield>
  </datafield>
  <datafield tag="675" ind1=" " ind2=" ">
    <subfield code="a">Biog. encyc. of jazz;</subfield>
    <subfield code="a">New grove dict. of jazz;</subfield>
    <subfield code="a">All music guide WWW homepage</subfield>
  </datafield>
</record>