
<record>
  <leader>00450cz  a2200157n  4500</leader>
  <controlfield tag="001">5659114</controlfield>
  <controlfield tag="003">DLC</controlfield>
  <controlfield tag="005">20200104073507.0</controlfield>
  <controlfield tag="008">020522n| azannaabn          |a aaa      </controlfield>
  <datafield tag="010" ind1=" " ind2=" ">
    <subfield code="a">n 2002102827</subfield>
  </datafield>
  <datafield tag="035" ind1=" " ind2=" ">
    <subfield code="a">(OCoLC)oca05770604</subfield>
  </datafield>
  <datafield tag="040" ind1=" " ind2=" ">
    <subfield code="a">DLC</subfield>
    <subfield code="b">eng</subfield>
    <subfield code="c">DLC</subfield>
    <subfield code="e">rda</subfield>
    <subfield code="d">DNLM</subfield>
  </datafield>
  <datafield tag="100" ind1="1" ind2=" ">
    <subfield code="a">Bergeret-Amselek, Catherine</subfield>
  </datafield>
  <datafield tag="400" ind1="1" ind2=" ">
    <subfield code="a">Amselek, Catherine Bergeret-</subfield>
  </datafield>
  <datafield tag="670" ind1=" " ind2=" ">
    <subfield code="a">Naître et grandir-- autrement, c2001:</subfield>
    <subfield code="b">t.p. (Catherine Bergeret-Amselek)</subfield>
  </datafield>
  <datafield tag="953" ind1=" " ind2=" ">
    <subfield code="a">sh21</subfield>
  </datafield>
</record>