
<record>
  <leader>00804cz  a2200193n  4500</leader>
  <controlfield tag="001">5709537</controlfield>
  <controlfield tag="003">DLC</controlfield>
  <controlfield tag="005">20200104073516.0</controlfield>
  <controlfield tag="008">020416n| azannaabn          |a ana     c</controlfield>
  <datafield tag="010" ind1=" " ind2=" ">
    <subfield code="a">nr2002014774</subfield>
  </datafield>
  <datafield tag="016" ind1=" " ind2=" ">
    <subfield code="a">0041B9948E</subfield>
  </datafield>
  <datafield tag="035" ind1=" " ind2=" ">
    <subfield code="a">(OCoLC)oca05821384</subfield>
  </datafield>
  <datafield tag="040" ind1=" " ind2=" ">
    <subfield code="a">MWA</subfield>
    <subfield code="b">eng</subfield>
    <subfield code="e">rda</subfield>
    <subfield code="c">CtWfDGI</subfield>
    <subfield code="d">CaBViV</subfield>
    <subfield code="d">CaOONL</subfield>
  </datafield>
  <datafield tag="110" ind1="2" ind2=" ">
    <subfield code="a">Hunter, Rose &amp; Company</subfield>
  </datafield>
  <datafield tag="410" ind1="2" ind2=" ">
    <subfield code="a">Hunter, Rose, and Company</subfield>
  </datafield>
  <datafield tag="670" ind1=" " ind2=" ">
    <subfield code="a">Catalogue of the herd of pure bred improved short-horned cattle, 1868:</subfield>
    <subfield code="b">t.p. (Hunter, Rose &amp; Company, Ottawa)</subfield>
  </datafield>
  <datafield tag="670" ind1=" " ind2=" ">
    <subfield code="a">MWA/NAIP files</subfield>
    <subfield code="b">(hdg.: Hunter, Rose &amp; Company; note: printing firm of Robert Hunter, George Maclean Rose, and François Lemieux)</subfield>
  </datafield>
  <datafield tag="670" ind1=" " ind2=" ">
    <subfield code="a">Canadiana database, viewed 13 December 2019</subfield>
    <subfield code="b">(Authorized access point: Hunter, Rose &amp; Co)</subfield>
  </datafield>
  <datafield tag="710" ind1="2" ind2="6">
    <subfield code="a">Hunter, Rose &amp; Co</subfield>
    <subfield code="0">(CaOONL)ncf10214440</subfield>
  </datafield>
</record>