
<record>
  <leader>00699cz  a2200169n  4500</leader>
  <controlfield tag="001">5719037</controlfield>
  <controlfield tag="003">DLC</controlfield>
  <controlfield tag="005">20200104073516.0</controlfield>
  <controlfield tag="008">020801n| azannaabn          |n aaa     c</controlfield>
  <datafield tag="010" ind1=" " ind2=" ">
    <subfield code="a">no2002069111</subfield>
  </datafield>
  <datafield tag="035" ind1=" " ind2=" ">
    <subfield code="a">(OCoLC)oca05826700</subfield>
  </datafield>
  <datafield tag="040" ind1=" " ind2=" ">
    <subfield code="a">NBuU</subfield>
    <subfield code="b">eng</subfield>
    <subfield code="e">rda</subfield>
    <subfield code="c">NBuU</subfield>
    <subfield code="d">DNLM</subfield>
  </datafield>
  <datafield tag="046" ind1=" " ind2=" ">
    <subfield code="f">1924</subfield>
    <subfield code="2">edtf</subfield>
  </datafield>
  <datafield tag="100" ind1="1" ind2=" ">
    <subfield code="a">Josephson, Eric</subfield>
  </datafield>
  <datafield tag="670" ind1=" " ind2=" ">
    <subfield code="a">Drug use, 1974:</subfield>
    <subfield code="b">t.p. (Eric Josephson)</subfield>
  </datafield>
  <datafield tag="670" ind1=" " ind2=" ">
    <subfield code="a">OCLC, Aug. 1, 2002</subfield>
    <subfield code="b">(hdg.: Josephson, Eric, 1924- ; usage: Eric Josephson)</subfield>
  </datafield>
  <datafield tag="670" ind1=" " ind2=" ">
    <subfield code="a">The social life of blind people, 1968:</subfield>
    <subfield code="b">title page (Eric Josephson) foreward (Eric Josephson, Ph.D., Assistant Professor of Public Health Practice at the Columbia University School of Public Health and Administrative Medicine)</subfield>
  </datafield>
</record>