
<record>
  <leader>01235cz  a2200277n  4500</leader>
  <controlfield tag="001">5749158</controlfield>
  <controlfield tag="003">DLC</controlfield>
  <controlfield tag="005">20200104073516.0</controlfield>
  <controlfield tag="008">020905n| azannaabn          |b aaa      </controlfield>
  <datafield tag="010" ind1=" " ind2=" ">
    <subfield code="a">nr2002032992</subfield>
  </datafield>
  <datafield tag="035" ind1=" " ind2=" ">
    <subfield code="a">(OCoLC)oca05858898</subfield>
  </datafield>
  <datafield tag="040" ind1=" " ind2=" ">
    <subfield code="a">DLC-R</subfield>
    <subfield code="b">eng</subfield>
    <subfield code="e">rda</subfield>
    <subfield code="c">DLC-R</subfield>
    <subfield code="d">OCoLC</subfield>
    <subfield code="d">NNC</subfield>
    <subfield code="d">MH</subfield>
  </datafield>
  <datafield tag="046" ind1=" " ind2=" ">
    <subfield code="f">1954</subfield>
  </datafield>
  <datafield tag="100" ind1="1" ind2=" ">
    <subfield code="a">Tong, Shiping</subfield>
  </datafield>
  <datafield tag="372" ind1=" " ind2=" ">
    <subfield code="a">Finance</subfield>
    <subfield code="a">Fiscal policy</subfield>
    <subfield code="2">lcsh</subfield>
  </datafield>
  <datafield tag="373" ind1=" " ind2=" ">
    <subfield code="a">Dokkyō Daigaku. Keizai Gakubu</subfield>
  </datafield>
  <datafield tag="400" ind1="1" ind2=" ">
    <subfield code="a">Tong, Shi-ping</subfield>
  </datafield>
  <datafield tag="400" ind1="1" ind2=" ">
    <subfield code="a">Dō, Tekihei</subfield>
  </datafield>
  <datafield tag="400" ind1="1" ind2=" ">
    <subfield code="a">童适平</subfield>
  </datafield>
  <datafield tag="400" ind1="1" ind2=" ">
    <subfield code="a">童適平</subfield>
  </datafield>
  <datafield tag="667" ind1=" " ind2=" ">
    <subfield code="a">Machine-derived non-Latin script reference project.</subfield>
  </datafield>
  <datafield tag="667" ind1=" " ind2=" ">
    <subfield code="a">Non-Latin script references not evaluated.</subfield>
  </datafield>
  <datafield tag="667" ind1=" " ind2=" ">
    <subfield code="a">Non-Latin script references reviewed in NACO CJK Funnel References Project.</subfield>
  </datafield>
  <datafield tag="670" ind1=" " ind2=" ">
    <subfield code="a">Zhong Ri zheng quan shi chang ji qi bi jiao yan jiu, 2000:</subfield>
    <subfield code="b">t.p. (Tong Shiping)</subfield>
  </datafield>
  <datafield tag="670" ind1=" " ind2=" ">
    <subfield code="a">Chūgoku no kin&apos;yū seido, 2013:</subfield>
    <subfield code="b">t.p. (童適平 = Tong Shiping [Chi reading]; Tong Shi-ping [in rom.]) colophon (Jpn reading: Dō Tekihei [in kana]; b. 1054; doctor in economics; prof., Dokkyō Daigaku Keizai Gakubu; spec., finance system, fiscal policy)</subfield>
  </datafield>
  <datafield tag="670" ind1=" " ind2=" ">
    <subfield code="a">LC database, December 23, 2019</subfield>
    <subfield code="b">(access point: 童适平 = Tong, Shiping; usage: 童适平 = Tong Shiping)</subfield>
  </datafield>
</record>