
<record>
  <leader>01258cz  a2200229n  4500</leader>
  <controlfield tag="001">5754021</controlfield>
  <controlfield tag="003">DLC</controlfield>
  <controlfield tag="005">20200104073517.0</controlfield>
  <controlfield tag="008">020911n| acannaabn          |a ana     c</controlfield>
  <datafield tag="010" ind1=" " ind2=" ">
    <subfield code="a">nr2002033627</subfield>
  </datafield>
  <datafield tag="035" ind1=" " ind2=" ">
    <subfield code="a">(OCoLC)oca05864181</subfield>
  </datafield>
  <datafield tag="040" ind1=" " ind2=" ">
    <subfield code="a">NIC</subfield>
    <subfield code="b">eng</subfield>
    <subfield code="c">NIC</subfield>
    <subfield code="d">DLC-S</subfield>
    <subfield code="d">WaU</subfield>
  </datafield>
  <datafield tag="110" ind1="1" ind2=" ">
    <subfield code="a">Indonesia.</subfield>
    <subfield code="b">Badan Pusat Statistik Propinsi DKI Jakarta</subfield>
  </datafield>
  <datafield tag="410" ind1="1" ind2=" ">
    <subfield code="a">Indonesia.</subfield>
    <subfield code="b">Pusat Statistik Propinsi DKI Jakarta, Badan</subfield>
  </datafield>
  <datafield tag="410" ind1="1" ind2=" ">
    <subfield code="a">Indonesia.</subfield>
    <subfield code="b">Badan Pusat Statistik Propinsi Daerah Khusus Ibu Kota Jakarta</subfield>
  </datafield>
  <datafield tag="410" ind1="2" ind2=" ">
    <subfield code="a">BPS Propinsi DKI Jakarta</subfield>
  </datafield>
  <datafield tag="410" ind1="1" ind2=" ">
    <subfield code="a">Indonesia.</subfield>
    <subfield code="b">Badan Pusat Statistik Provinsi DKI Jakarta</subfield>
  </datafield>
  <datafield tag="410" ind1="2" ind2=" ">
    <subfield code="a">BPS Provinsi DKI Jakarta</subfield>
  </datafield>
  <datafield tag="670" ind1=" " ind2=" ">
    <subfield code="a">Direktori usaha kakilima Kotamadya Jakarta, tahun 2001, 2001:</subfield>
    <subfield code="b">v. 1, t.p. (BPS, Badan Pusat Statistik Propinsi DKI Jakarta) p. 4 of cover (Badan Pusat Statistik Propinsi Daerah Khusus Ibu Kota Jakarta)</subfield>
  </datafield>
  <datafield tag="670" ind1=" " ind2=" ">
    <subfield code="a">Direktori industri pengolahan DKI Jakarta, 2005:</subfield>
    <subfield code="b">t.p. (BPS Propinsi DKI Jakarta) cover p. 4 (Badan Pusat Statistik Propinsi DKI Jakarta)</subfield>
  </datafield>
  <datafield tag="670" ind1=" " ind2=" ">
    <subfield code="a">Statistik konstruksi DKI Jakarta, 2005:</subfield>
    <subfield code="b">t.p. (Badan Pusat Statistik Propinsi DKI Jakarta) cover p. 4 (Badan Pusat Statistik Provinsi DKI Jakarta)</subfield>
  </datafield>
  <datafield tag="670" ind1=" " ind2=" ">
    <subfield code="a">Tinjauan ekonomi regional, 2003-2006:</subfield>
    <subfield code="b">p.ii (BPS Provinsi DKI Jakarta)</subfield>
  </datafield>
</record>