
<record>
  <leader>00446cz  a2200157n  4500</leader>
  <controlfield tag="001">5754489</controlfield>
  <controlfield tag="003">DLC</controlfield>
  <controlfield tag="005">20200104073516.0</controlfield>
  <controlfield tag="008">020912n| azannaabn          |a aaa     c</controlfield>
  <datafield tag="010" ind1=" " ind2=" ">
    <subfield code="a">no2002083921</subfield>
  </datafield>
  <datafield tag="035" ind1=" " ind2=" ">
    <subfield code="a">(OCoLC)oca05861835</subfield>
  </datafield>
  <datafield tag="040" ind1=" " ind2=" ">
    <subfield code="a">Vi</subfield>
    <subfield code="b">eng</subfield>
    <subfield code="e">rda</subfield>
    <subfield code="c">Vi</subfield>
    <subfield code="d">DNLM</subfield>
  </datafield>
  <datafield tag="100" ind1="1" ind2=" ">
    <subfield code="a">Lohmann, Bill</subfield>
  </datafield>
  <datafield tag="378" ind1=" " ind2=" ">
    <subfield code="q">William H.</subfield>
  </datafield>
  <datafield tag="400" ind1="1" ind2=" ">
    <subfield code="a">Lohmann, William H.,</subfield>
    <subfield code="c">Jr.</subfield>
  </datafield>
  <datafield tag="670" ind1=" " ind2=" ">
    <subfield code="a">Are we there yet?, c2000:</subfield>
    <subfield code="b">t.p. (Bill Lohmann) t.p. verso (William H. Lohmann, Jr.)</subfield>
  </datafield>
</record>