
<record>
  <leader>01441cz  a2200325n  4500</leader>
  <controlfield tag="001">5793249</controlfield>
  <controlfield tag="003">DLC</controlfield>
  <controlfield tag="005">20200104073517.0</controlfield>
  <controlfield tag="008">021030n| azannaabn          |b aaa     c</controlfield>
  <datafield tag="010" ind1=" " ind2=" ">
    <subfield code="a">no2002099036</subfield>
  </datafield>
  <datafield tag="035" ind1=" " ind2=" ">
    <subfield code="a">(OCoLC)oca05899609</subfield>
  </datafield>
  <datafield tag="040" ind1=" " ind2=" ">
    <subfield code="a">HkUST</subfield>
    <subfield code="b">eng</subfield>
    <subfield code="e">rda</subfield>
    <subfield code="c">HkUST</subfield>
    <subfield code="d">OCoLC</subfield>
    <subfield code="d">DLC</subfield>
    <subfield code="d">HkUST</subfield>
    <subfield code="d">MH</subfield>
  </datafield>
  <datafield tag="046" ind1=" " ind2=" ">
    <subfield code="s">17</subfield>
  </datafield>
  <datafield tag="100" ind1="1" ind2=" ">
    <subfield code="a">Tang, Qianqing,</subfield>
    <subfield code="d">active 18th century</subfield>
  </datafield>
  <datafield tag="370" ind1=" " ind2=" ">
    <subfield code="c">China</subfield>
    <subfield code="2">naf</subfield>
  </datafield>
  <datafield tag="375" ind1=" " ind2=" ">
    <subfield code="a">male</subfield>
  </datafield>
  <datafield tag="377" ind1=" " ind2=" ">
    <subfield code="a">chi</subfield>
  </datafield>
  <datafield tag="400" ind1="1" ind2=" ">
    <subfield code="a">唐千頃,</subfield>
    <subfield code="d">active 18th century</subfield>
  </datafield>
  <datafield tag="400" ind1="1" ind2=" ">
    <subfield code="a">唐千顷,</subfield>
    <subfield code="d">active 18th century</subfield>
  </datafield>
  <datafield tag="400" ind1="1" ind2=" ">
    <subfield code="w">nnea</subfield>
    <subfield code="a">Tang, Qianqing,</subfield>
    <subfield code="d">18th cent.</subfield>
  </datafield>
  <datafield tag="400" ind1="1" ind2=" ">
    <subfield code="a">Tang, Fanghuai,</subfield>
    <subfield code="d">active 18th century</subfield>
  </datafield>
  <datafield tag="400" ind1="1" ind2=" ">
    <subfield code="a">唐方淮,</subfield>
    <subfield code="d">active 18th century</subfield>
  </datafield>
  <datafield tag="400" ind1="1" ind2=" ">
    <subfield code="a">Tang, Tongyuan,</subfield>
    <subfield code="d">active 18th century</subfield>
  </datafield>
  <datafield tag="400" ind1="1" ind2=" ">
    <subfield code="a">唐桐园,</subfield>
    <subfield code="d">active 18th century</subfield>
  </datafield>
  <datafield tag="667" ind1=" " ind2=" ">
    <subfield code="a">Machine-derived non-Latin script reference project.</subfield>
  </datafield>
  <datafield tag="667" ind1=" " ind2=" ">
    <subfield code="a">Non-Latin script references not evaluated.</subfield>
  </datafield>
  <datafield tag="667" ind1=" " ind2=" ">
    <subfield code="a">Non-Latin script references reviewed in NACO CJK Funnel References Project.</subfield>
  </datafield>
  <datafield tag="670" ind1=" " ind2=" ">
    <subfield code="a">Zeng guang Da sheng yao zhi [in Zhongguo ben cao quan shu, v. 245], 1999:</subfield>
    <subfield code="b">t.p. (唐千頃 = Tang Qianqing)</subfield>
  </datafield>
  <datafield tag="670" ind1=" " ind2=" ">
    <subfield code="a">Zhong yi ren wu ci dian, 1988:</subfield>
    <subfield code="b">p. 531 (唐千顷 = Tang Qianqing; orig. name: 方淮 = Fanghuai; zi: 桐园 = Tongyuan; finish Da sheng yao zhi in 1762)</subfield>
  </datafield>
  <datafield tag="670" ind1=" " ind2=" ">
    <subfield code="a">OCLC #50535162, November 19, 2019</subfield>
    <subfield code="b">(access point: 唐千頃, active 18th century = Tang, Qianqing, active 18th century; usage: 唐千頃 = Tang Qianqing)</subfield>
  </datafield>
</record>