
<record>
  <leader>00702cz  a2200157n  4500</leader>
  <controlfield tag="001">5844712</controlfield>
  <controlfield tag="003">DLC</controlfield>
  <controlfield tag="005">20200104073527.0</controlfield>
  <controlfield tag="008">030115n| azannaabn          |n aaa      </controlfield>
  <datafield tag="010" ind1=" " ind2=" ">
    <subfield code="a">n 2003094227</subfield>
  </datafield>
  <datafield tag="035" ind1=" " ind2=" ">
    <subfield code="a">(OCoLC)oca05952234</subfield>
  </datafield>
  <datafield tag="040" ind1=" " ind2=" ">
    <subfield code="a">DLC</subfield>
    <subfield code="b">eng</subfield>
    <subfield code="e">rda</subfield>
    <subfield code="c">DLC</subfield>
    <subfield code="d">DLC</subfield>
    <subfield code="d">DNLM</subfield>
  </datafield>
  <datafield tag="100" ind1="1" ind2=" ">
    <subfield code="a">Rau, Roland</subfield>
  </datafield>
  <datafield tag="670" ind1=" " ind2=" ">
    <subfield code="a">Lederer, Harald W. Migrationsbericht 1999, 1999:</subfield>
    <subfield code="b">t.p. (Roland Rau)</subfield>
  </datafield>
  <datafield tag="670" ind1=" " ind2=" ">
    <subfield code="a">Seasonality in human mortality, c2007:</subfield>
    <subfield code="b">t.p. (Roland Rau) t.p. verso (Dr.; Max Planck Institute for Demographic Research, Rostock, Germany) p. vii (bk. is revision of his doctoral dissertation, Univ. of Rostock; now a research scientist, Duke University Population Research Institute (DuPRI))</subfield>
  </datafield>
  <datafield tag="953" ind1=" " ind2=" ">
    <subfield code="a">sc15</subfield>
    <subfield code="b">se40</subfield>
  </datafield>
</record>