
<record>
  <leader>01724cz  a2200217n  4500</leader>
  <controlfield tag="001">5915536</controlfield>
  <controlfield tag="003">DLC</controlfield>
  <controlfield tag="005">20200104073529.0</controlfield>
  <controlfield tag="008">030408n| azannaabn          |n aaa     c</controlfield>
  <datafield tag="010" ind1=" " ind2=" ">
    <subfield code="a">no2003035276</subfield>
  </datafield>
  <datafield tag="035" ind1=" " ind2=" ">
    <subfield code="a">(OCoLC)oca06020130</subfield>
  </datafield>
  <datafield tag="040" ind1=" " ind2=" ">
    <subfield code="a">NBuU</subfield>
    <subfield code="b">eng</subfield>
    <subfield code="e">rda</subfield>
    <subfield code="c">NBuU</subfield>
    <subfield code="d">OU</subfield>
  </datafield>
  <datafield tag="046" ind1=" " ind2=" ">
    <subfield code="f">1906-05-02</subfield>
    <subfield code="g">2000</subfield>
    <subfield code="2">edtf</subfield>
  </datafield>
  <datafield tag="100" ind1="1" ind2=" ">
    <subfield code="a">Weydt, Günther,</subfield>
    <subfield code="d">1906-2000</subfield>
  </datafield>
  <datafield tag="370" ind1=" " ind2=" ">
    <subfield code="c">Germany</subfield>
    <subfield code="2">naf</subfield>
  </datafield>
  <datafield tag="374" ind1=" " ind2=" ">
    <subfield code="a">Philologists</subfield>
    <subfield code="a">Germanists</subfield>
    <subfield code="a">Literary historians</subfield>
    <subfield code="a">Authors</subfield>
    <subfield code="2">lcsh</subfield>
  </datafield>
  <datafield tag="375" ind1=" " ind2=" ">
    <subfield code="a">Males</subfield>
    <subfield code="2">lcdgt</subfield>
  </datafield>
  <datafield tag="670" ind1=" " ind2=" ">
    <subfield code="a">Hans Jacob Christoffel von Grimmelshausen, 1971:</subfield>
    <subfield code="b">t.p. (Günther Weydt)</subfield>
  </datafield>
  <datafield tag="670" ind1=" " ind2=" ">
    <subfield code="a">OCLC, Apr. 7, 2003</subfield>
    <subfield code="b">(hdg.: Weydt, Günther, 1906- ; usage: Günther Weydt)</subfield>
  </datafield>
  <datafield tag="670" ind1=" " ind2=" ">
    <subfield code="a">National Library of Lithuania via VIAF, Jan. 3, 2020</subfield>
    <subfield code="b">(preferred: Weydt, Günther 1906-2000; country: Germany; gender: Males; lang. code: deu; biographical/historical: 1906-2000)</subfield>
    <subfield code="u">http://www.viaf.org/processed/LIH%7CLNB:C_d_5V;=BY</subfield>
  </datafield>
  <datafield tag="670" ind1=" " ind2=" ">
    <subfield code="a">German National Library via VIAF, Jan. 3, 2020</subfield>
    <subfield code="b">(identifier: http://d-nb.info/gnd/118767577, 27137161, no2003035276; GAC: XA-DE; other class #: 12.1p sswd; preferred: Weydt, Günther 1906-2000; field of activity: Grimmelshausen, Hans Jakob Christoffel von, Weydt, Günther; gender: 1; variant: Weydt, Guenter; Weydt, Günter; Weydt, Günther Philipp Wilhelm; related: Naumann, Hans, 1886-1951, Rasch, Wolfdietrich, 1903-1986, Frankfurt am Main, Frankfurt am Main, Kiel, Münster (Westf); related title: Hans Jacob Christoffel von Grimmelshausen, Herbst des Minnesangs, Nachahmung und Schöpfung im Barock, Naturschilderung bei Annette von Droste-Hülshoff und Adalbert Stifter Frankifurt, phil. Diss. - Berlin, Der Simplicissimusdichter und sein Werk)</subfield>
    <subfield code="u">http://www.viaf.org/processed/DNB%7C118767577</subfield>
  </datafield>
</record>