
<record>
  <leader>02210cz  a2200361n  4500</leader>
  <controlfield tag="001">5949612</controlfield>
  <controlfield tag="003">DLC</controlfield>
  <controlfield tag="005">20200104073529.0</controlfield>
  <controlfield tag="008">030520n| azannaabn          |b aaa      </controlfield>
  <datafield tag="010" ind1=" " ind2=" ">
    <subfield code="a">n 2003010565</subfield>
    <subfield code="z">nb2015013641</subfield>
  </datafield>
  <datafield tag="035" ind1=" " ind2=" ">
    <subfield code="a">(OCoLC)oca06055588</subfield>
  </datafield>
  <datafield tag="040" ind1=" " ind2=" ">
    <subfield code="a">DLC</subfield>
    <subfield code="b">eng</subfield>
    <subfield code="e">rda</subfield>
    <subfield code="c">DLC</subfield>
    <subfield code="d">OCoLC</subfield>
    <subfield code="d">DLC</subfield>
    <subfield code="d">ViFGM</subfield>
    <subfield code="d">DLC</subfield>
    <subfield code="d">MH</subfield>
  </datafield>
  <datafield tag="046" ind1=" " ind2=" ">
    <subfield code="f">1964-05-09</subfield>
    <subfield code="2">edtf</subfield>
  </datafield>
  <datafield tag="100" ind1="1" ind2=" ">
    <subfield code="a">Tan, Ying,</subfield>
    <subfield code="d">1964-</subfield>
  </datafield>
  <datafield tag="370" ind1=" " ind2=" ">
    <subfield code="c">China</subfield>
    <subfield code="f">Beijing (China)</subfield>
    <subfield code="2">naf</subfield>
  </datafield>
  <datafield tag="371" ind1=" " ind2=" ">
    <subfield code="m">ytan@pku.edu.cn</subfield>
  </datafield>
  <datafield tag="372" ind1=" " ind2=" ">
    <subfield code="a">College teaching</subfield>
    <subfield code="a">Computational intelligence</subfield>
    <subfield code="a">Pattern perception</subfield>
    <subfield code="2">lcsh</subfield>
  </datafield>
  <datafield tag="373" ind1=" " ind2=" ">
    <subfield code="a">Beijing da xue</subfield>
    <subfield code="2">naf</subfield>
  </datafield>
  <datafield tag="374" ind1=" " ind2=" ">
    <subfield code="a">College teachers</subfield>
    <subfield code="2">lcsh</subfield>
  </datafield>
  <datafield tag="375" ind1=" " ind2=" ">
    <subfield code="a">male</subfield>
  </datafield>
  <datafield tag="377" ind1=" " ind2=" ">
    <subfield code="a">eng</subfield>
  </datafield>
  <datafield tag="400" ind1="1" ind2=" ">
    <subfield code="a">谭营,</subfield>
    <subfield code="d">1964-</subfield>
  </datafield>
  <datafield tag="400" ind1="1" ind2=" ">
    <subfield code="w">nne</subfield>
    <subfield code="a">Tan, Ying</subfield>
    <subfield code="c">(Professor)</subfield>
  </datafield>
  <datafield tag="667" ind1=" " ind2=" ">
    <subfield code="a">Machine-derived non-Latin script reference project.</subfield>
  </datafield>
  <datafield tag="667" ind1=" " ind2=" ">
    <subfield code="a">Non-Latin script reference not evaluated.</subfield>
  </datafield>
  <datafield tag="667" ind1=" " ind2=" ">
    <subfield code="a">Non-Latin script references reviewed in NACO CJK Funnel References Project.</subfield>
  </datafield>
  <datafield tag="670" ind1=" " ind2=" ">
    <subfield code="a">Linear and nonlinear iterative learning control, 2003:</subfield>
    <subfield code="b">CIP t.p. (Ying Tan)</subfield>
  </datafield>
  <datafield tag="670" ind1=" " ind2=" ">
    <subfield code="a">Handbook of research on design, control, and modeling of swarm robotics, 2015:</subfield>
    <subfield code="b">ECIP t.p. (Ying Tan) data view (b. May 9, 1964)</subfield>
  </datafield>
  <datafield tag="670" ind1=" " ind2=" ">
    <subfield code="a">Advances in swarm and computational intelligence, 2015:</subfield>
    <subfield code="b">title page (Ying Tan) title page verso (Ying Tan, Peking University, Beijing, China)</subfield>
  </datafield>
  <datafield tag="670" ind1=" " ind2=" ">
    <subfield code="a">Peking University website, viewed 16 July 2015</subfield>
    <subfield code="b">(Ying Tan, Professor, Ph.D. Supervisor ; research interests include computational intelligence, Intelliption, pattern recognition ; teaches various courses)</subfield>
  </datafield>
  <datafield tag="670" ind1=" " ind2=" ">
    <subfield code="a">Anti-spam techniques based on artificial immune system, 2016:</subfield>
    <subfield code="b">title page (Ying Tan) page xxvii (Dr. Ying Tan; full professor, School of Electronics Engineering and Computer Science, Peking University; director, Computational Intelligence Laboratory; BEng, Electronic Engineering Institute 1985; MSc, Xidian University 1988; PhD, Southeast University, Dhaka 1997)</subfield>
  </datafield>
  <datafield tag="670" ind1=" " ind2=" ">
    <subfield code="a">Computational Intelligence Laboratory web site, viewed May 13, 2016</subfield>
    <subfield code="b">under People (Tan Ying 谭营; ytan[at]pku.edu.cn)</subfield>
    <subfield code="u">http://www.cil.pku.edu.cn/</subfield>
  </datafield>
  <datafield tag="670" ind1=" " ind2=" ">
    <subfield code="a">OCLC #910150067, November 8, 2019</subfield>
    <subfield code="b">(access point: 谭营, 1964- = Tan, Ying, 1964-; usage: 谭营 = Tan Ying )</subfield>
  </datafield>
</record>