
<record>
  <leader>00796cz  a2200205n  4500</leader>
  <controlfield tag="001">5954994</controlfield>
  <controlfield tag="003">DLC</controlfield>
  <controlfield tag="005">20200104073529.0</controlfield>
  <controlfield tag="008">030527n| azannaabn          |a aaa     c</controlfield>
  <datafield tag="010" ind1=" " ind2=" ">
    <subfield code="a">no2003051533</subfield>
  </datafield>
  <datafield tag="035" ind1=" " ind2=" ">
    <subfield code="a">(OCoLC)oca06059634</subfield>
  </datafield>
  <datafield tag="040" ind1=" " ind2=" ">
    <subfield code="a">MWalB-CA</subfield>
    <subfield code="b">eng</subfield>
    <subfield code="e">rda</subfield>
    <subfield code="c">MWalB-CA</subfield>
    <subfield code="d">NjP</subfield>
    <subfield code="d">PPi-MA</subfield>
  </datafield>
  <datafield tag="046" ind1=" " ind2=" ">
    <subfield code="k">1971</subfield>
    <subfield code="2">edtf</subfield>
  </datafield>
  <datafield tag="100" ind1="1" ind2=" ">
    <subfield code="a">Feldman, Morton,</subfield>
    <subfield code="d">1926-1987.</subfield>
    <subfield code="t">Three clarinets, cello, and piano</subfield>
  </datafield>
  <datafield tag="380" ind1=" " ind2=" ">
    <subfield code="a">Chamber music</subfield>
    <subfield code="2">lcgft</subfield>
  </datafield>
  <datafield tag="382" ind1="0" ind2=" ">
    <subfield code="a">clarinet</subfield>
    <subfield code="n">3</subfield>
    <subfield code="a">cello</subfield>
    <subfield code="n">1</subfield>
    <subfield code="a">piano</subfield>
    <subfield code="n">1</subfield>
    <subfield code="s">5</subfield>
    <subfield code="2">lcmpt</subfield>
  </datafield>
  <datafield tag="400" ind1="1" ind2=" ">
    <subfield code="a">Feldman, Morton,</subfield>
    <subfield code="d">1926-1987.</subfield>
    <subfield code="t">3 clarinets, cello, and piano</subfield>
  </datafield>
  <datafield tag="670" ind1=" " ind2=" ">
    <subfield code="a">Feldman, M. Voices &amp; instruments [SR] p2002:</subfield>
    <subfield code="b">container (Three clarinets, cello, and piano)</subfield>
  </datafield>
  <datafield tag="670" ind1=" " ind2=" ">
    <subfield code="a">Feldman, M. Three clarinets, cello, and piano, c1978.</subfield>
  </datafield>
  <datafield tag="670" ind1=" " ind2=" ">
    <subfield code="a">Grovemusic WWW site, May 8, 2003</subfield>
    <subfield code="b">(3 cl, vc and pf, 1971)</subfield>
  </datafield>
</record>