
<record>
  <leader>01419cz  a2200337n  4500</leader>
  <controlfield tag="001">5971277</controlfield>
  <controlfield tag="003">DLC</controlfield>
  <controlfield tag="005">20200104073529.0</controlfield>
  <controlfield tag="008">030613n| azannaabn          |b aaa      </controlfield>
  <datafield tag="010" ind1=" " ind2=" ">
    <subfield code="a">n 2003001829</subfield>
  </datafield>
  <datafield tag="035" ind1=" " ind2=" ">
    <subfield code="a">(OCoLC)oca06075821</subfield>
  </datafield>
  <datafield tag="040" ind1=" " ind2=" ">
    <subfield code="a">DLC</subfield>
    <subfield code="b">eng</subfield>
    <subfield code="e">rda</subfield>
    <subfield code="c">DLC</subfield>
    <subfield code="d">DLC</subfield>
    <subfield code="d">OCoLC</subfield>
    <subfield code="d">HkUST</subfield>
    <subfield code="d">MH</subfield>
  </datafield>
  <datafield tag="046" ind1=" " ind2=" ">
    <subfield code="f">19690422</subfield>
  </datafield>
  <datafield tag="100" ind1="1" ind2=" ">
    <subfield code="a">Tang, Winnie</subfield>
  </datafield>
  <datafield tag="370" ind1=" " ind2=" ">
    <subfield code="f">Hong Kong, China</subfield>
  </datafield>
  <datafield tag="373" ind1=" " ind2=" ">
    <subfield code="a">University of Hong Kong</subfield>
  </datafield>
  <datafield tag="373" ind1=" " ind2=" ">
    <subfield code="a">ESRI China (Hong Kong) Ltd.</subfield>
  </datafield>
  <datafield tag="374" ind1=" " ind2=" ">
    <subfield code="a">Chief executive officer</subfield>
  </datafield>
  <datafield tag="375" ind1=" " ind2=" ">
    <subfield code="a">female</subfield>
  </datafield>
  <datafield tag="377" ind1=" " ind2=" ">
    <subfield code="a">eng</subfield>
    <subfield code="a">chi</subfield>
  </datafield>
  <datafield tag="400" ind1="1" ind2=" ">
    <subfield code="a">Deng, Shuming</subfield>
  </datafield>
  <datafield tag="400" ind1="1" ind2=" ">
    <subfield code="a">鄧淑明</subfield>
  </datafield>
  <datafield tag="400" ind1="1" ind2=" ">
    <subfield code="a">邓淑明</subfield>
  </datafield>
  <datafield tag="667" ind1=" " ind2=" ">
    <subfield code="a">Machine-derived non-Latin script reference project.</subfield>
  </datafield>
  <datafield tag="667" ind1=" " ind2=" ">
    <subfield code="a">Non-Latin script references not evaluated.</subfield>
  </datafield>
  <datafield tag="667" ind1=" " ind2=" ">
    <subfield code="a">Non-Latin script references reviewed in NACO CJK Funnel References Project.</subfield>
  </datafield>
  <datafield tag="670" ind1=" " ind2=" ">
    <subfield code="a">Selwood, Jan. Connecting our world, 2003:</subfield>
    <subfield code="b">ECIP t.p. (Winnie Tang) pub. info. (Dr. Winnie Tang; doctoral degree in GIS, U. of Hong Kong; CEO of ESRI China (Hong Kong) Ltd.)</subfield>
  </datafield>
  <datafield tag="670" ind1=" " ind2=" ">
    <subfield code="a">Spatial portals, 2005:</subfield>
    <subfield code="b">ECIP data sheet (Winnie S.M. Tang; b. April 22, 1969)</subfield>
  </datafield>
  <datafield tag="670" ind1=" " ind2=" ">
    <subfield code="a">Xianggang ke de qi, 2012:</subfield>
    <subfield code="b">cover (鄧淑明博士 = Deng Shuming bo shi) biog. (Dr. Winnie Tang, founder and CEO, Esri Zhongguo (Xianggang))</subfield>
  </datafield>
  <datafield tag="670" ind1=" " ind2=" ">
    <subfield code="a">OCLC #818697579, November 20, 2019</subfield>
    <subfield code="b">(access point: 鄧淑明 = Tang, Winnie; usage: 鄧淑明 = Deng Shuming)</subfield>
  </datafield>
  <datafield tag="953" ind1=" " ind2=" ">
    <subfield code="a">jf03</subfield>
    <subfield code="b">jb14</subfield>
  </datafield>
</record>