
<record>
  <leader>00551cz  a2200169n  4500</leader>
  <controlfield tag="001">5982127</controlfield>
  <controlfield tag="003">DLC</controlfield>
  <controlfield tag="005">20200104073529.0</controlfield>
  <controlfield tag="008">030626n| acannaabn          |n aaa      </controlfield>
  <datafield tag="010" ind1=" " ind2=" ">
    <subfield code="a">n 2003091937</subfield>
  </datafield>
  <datafield tag="035" ind1=" " ind2=" ">
    <subfield code="a">(OCoLC)oca06087642</subfield>
  </datafield>
  <datafield tag="040" ind1=" " ind2=" ">
    <subfield code="a">DLC</subfield>
    <subfield code="b">eng</subfield>
    <subfield code="c">DLC</subfield>
    <subfield code="d">NcD</subfield>
    <subfield code="d">WaBeW</subfield>
  </datafield>
  <datafield tag="046" ind1=" " ind2=" ">
    <subfield code="f">1970-10-22</subfield>
    <subfield code="2">edtf</subfield>
  </datafield>
  <datafield tag="100" ind1="1" ind2=" ">
    <subfield code="a">Wolford, Wendy</subfield>
  </datafield>
  <datafield tag="670" ind1=" " ind2=" ">
    <subfield code="a">Wright, A.L. To inherit the earth, c2003:</subfield>
    <subfield code="b">CIP t.p. (Wendy Wolford)</subfield>
  </datafield>
  <datafield tag="670" ind1=" " ind2=" ">
    <subfield code="a">Social mobilization and the meanings of land in Brazil</subfield>
    <subfield code="b">eCIP t.p.  (Wendy Wolford) eCIP dataview (b. Oct. 22, 1970)</subfield>
  </datafield>
  <datafield tag="953" ind1=" " ind2=" ">
    <subfield code="a">sb15</subfield>
  </datafield>
</record>