
<record>
  <leader>00993cz  a2200193n  4500</leader>
  <controlfield tag="001">5998661</controlfield>
  <controlfield tag="003">DLC</controlfield>
  <controlfield tag="005">20200104073529.0</controlfield>
  <controlfield tag="008">030716n| azannaabn          |a aaa     c</controlfield>
  <datafield tag="010" ind1=" " ind2=" ">
    <subfield code="a">no2003070236</subfield>
  </datafield>
  <datafield tag="035" ind1=" " ind2=" ">
    <subfield code="a">(OCoLC)oca06101134</subfield>
  </datafield>
  <datafield tag="040" ind1=" " ind2=" ">
    <subfield code="a">InU-Mu</subfield>
    <subfield code="b">eng</subfield>
    <subfield code="e">rda</subfield>
    <subfield code="c">InU-Mu</subfield>
    <subfield code="d">MH</subfield>
  </datafield>
  <datafield tag="100" ind1="0" ind2=" ">
    <subfield code="a">Jón Þorsteinsson</subfield>
  </datafield>
  <datafield tag="370" ind1=" " ind2=" ">
    <subfield code="a">Ólafsfjörður (Iceland)</subfield>
    <subfield code="c">Iceland</subfield>
    <subfield code="2">naf</subfield>
  </datafield>
  <datafield tag="373" ind1=" " ind2=" ">
    <subfield code="a">Nationale Opera (Netherlands)</subfield>
    <subfield code="2">naf</subfield>
    <subfield code="s">1980</subfield>
    <subfield code="t">1990</subfield>
  </datafield>
  <datafield tag="374" ind1=" " ind2=" ">
    <subfield code="a">Singers</subfield>
    <subfield code="2">lcdgt</subfield>
  </datafield>
  <datafield tag="400" ind1="1" ind2=" ">
    <subfield code="a">Þorsteinsson, Jón</subfield>
  </datafield>
  <datafield tag="670" ind1=" " ind2=" ">
    <subfield code="a">Jórunn Viðar. Únglínngurinn í skóginum, 1998?:</subfield>
    <subfield code="b">container (Jón Þorsteinsson; singer; with the Dutch State Opera in Amsterdam, 1980-90; recently has appeared as soloist with Icelandic choirs, the Iceland Symphony Orchestra, Iceland Chamber Orchestra, and the Icelandic Opera)</subfield>
  </datafield>
  <datafield tag="670" ind1=" " ind2=" ">
    <subfield code="a">Rachmaninoff, S. Monna Vanna [SR] p1991:</subfield>
    <subfield code="b">label (Jon Thorsteinsson; tenor) program notes (Jon Thorsteinsson; b. Olafsfjord, Iceland; since 1980, member of the National Dutch Opera in Amsterdam)</subfield>
  </datafield>
</record>