
<record>
  <leader>00910cz  a2200181n  4500</leader>
  <controlfield tag="001">6063941</controlfield>
  <controlfield tag="003">DLC</controlfield>
  <controlfield tag="005">20200104073243.0</controlfield>
  <controlfield tag="008">030930n| azannaabn          |a aaa     c</controlfield>
  <datafield tag="010" ind1=" " ind2=" ">
    <subfield code="a">no2003097993</subfield>
  </datafield>
  <datafield tag="035" ind1=" " ind2=" ">
    <subfield code="a">(OCoLC)oca06165218</subfield>
  </datafield>
  <datafield tag="040" ind1=" " ind2=" ">
    <subfield code="a">OCU-Mu</subfield>
    <subfield code="b">eng</subfield>
    <subfield code="e">rda</subfield>
    <subfield code="c">OCU-Mu</subfield>
    <subfield code="d">OCoLC</subfield>
    <subfield code="d">DLC</subfield>
    <subfield code="d">PPi-MA</subfield>
  </datafield>
  <datafield tag="100" ind1="1" ind2=" ">
    <subfield code="a">Witt, Friedrich,</subfield>
    <subfield code="d">1770-1836.</subfield>
    <subfield code="t">Partitas,</subfield>
    <subfield code="m">flutes (2), oboes (2), clarinets (2), horns (2), bassoons (2), violone,</subfield>
    <subfield code="r">F major (Augsburg 605)</subfield>
  </datafield>
  <datafield tag="380" ind1=" " ind2=" ">
    <subfield code="a">Suites</subfield>
    <subfield code="a">Chamber music</subfield>
    <subfield code="2">lcgft</subfield>
  </datafield>
  <datafield tag="382" ind1="0" ind2=" ">
    <subfield code="a">flute</subfield>
    <subfield code="n">2</subfield>
    <subfield code="a">oboe</subfield>
    <subfield code="n">2</subfield>
    <subfield code="a">clarinet</subfield>
    <subfield code="n">2</subfield>
    <subfield code="a">horn</subfield>
    <subfield code="n">2</subfield>
    <subfield code="a">bassoon</subfield>
    <subfield code="n">2</subfield>
    <subfield code="a">violone</subfield>
    <subfield code="n">1</subfield>
    <subfield code="s">11</subfield>
    <subfield code="2">lcmpt</subfield>
  </datafield>
  <datafield tag="384" ind1="0" ind2=" ">
    <subfield code="a">F major</subfield>
  </datafield>
  <datafield tag="400" ind1="1" ind2=" ">
    <subfield code="w">nnea</subfield>
    <subfield code="a">Witt, Friedrich,</subfield>
    <subfield code="d">1770-1836.</subfield>
    <subfield code="t">Partitas,</subfield>
    <subfield code="m">woodwinds, horns (2), violone,</subfield>
    <subfield code="r">F major (Augsburg 605)</subfield>
  </datafield>
  <datafield tag="670" ind1=" " ind2=" ">
    <subfield code="a">Witt, F. Parthia in F (2°605) für 2 Flöten, 2 Oboen, 2 Klarinetten, 2 Hörner, 2 Fagotte &amp; Violone, c2003:</subfield>
    <subfield code="b">pref. (holograph score: Universitätsbibliothek Augsburg (HR III 4 1/2 2/605))</subfield>
  </datafield>
</record>