
<record>
  <leader>00653cz  a2200169n  4500</leader>
  <controlfield tag="001">6068620</controlfield>
  <controlfield tag="003">DLC</controlfield>
  <controlfield tag="005">20200104073244.0</controlfield>
  <controlfield tag="008">030922n| azannaabn          |a aaa     c</controlfield>
  <datafield tag="010" ind1=" " ind2=" ">
    <subfield code="a">nr2003030957</subfield>
  </datafield>
  <datafield tag="035" ind1=" " ind2=" ">
    <subfield code="a">(OCoLC)oca06173744</subfield>
  </datafield>
  <datafield tag="040" ind1=" " ind2=" ">
    <subfield code="a">UPB</subfield>
    <subfield code="b">eng</subfield>
    <subfield code="e">rda</subfield>
    <subfield code="c">UPB</subfield>
    <subfield code="d">MH</subfield>
    <subfield code="d">OU</subfield>
  </datafield>
  <datafield tag="046" ind1=" " ind2=" ">
    <subfield code="f">1904</subfield>
    <subfield code="g">1987</subfield>
    <subfield code="2">edtf</subfield>
  </datafield>
  <datafield tag="100" ind1="1" ind2=" ">
    <subfield code="a">Dingräve, Leopold,</subfield>
    <subfield code="d">1904-1987</subfield>
  </datafield>
  <datafield tag="500" ind1="1" ind2=" ">
    <subfield code="w">r</subfield>
    <subfield code="i">Real identity:</subfield>
    <subfield code="a">Eschmann, Ernst Wilhelm,</subfield>
    <subfield code="d">1904-1987</subfield>
  </datafield>
  <datafield tag="663" ind1=" " ind2=" ">
    <subfield code="a">Pseudonym of Ernst Wilhelm Eschmann. For works of this author under other names, search also under:</subfield>
    <subfield code="b">Eschmann, Ernst Wilhelm, 1904-1987;</subfield>
    <subfield code="b">Severus, 1904-1987</subfield>
  </datafield>
  <datafield tag="670" ind1=" " ind2=" ">
    <subfield code="a">Wohin treibt Deutschland?, c1932:</subfield>
    <subfield code="b">t.p. (Leopold Dingräve)</subfield>
  </datafield>
</record>