
<record>
  <leader>00449cz  a2200145n  4500</leader>
  <controlfield tag="001">6082717</controlfield>
  <controlfield tag="003">DLC</controlfield>
  <controlfield tag="005">20200104073244.0</controlfield>
  <controlfield tag="008">031021n| azannaabn          |n aaa     c</controlfield>
  <datafield tag="010" ind1=" " ind2=" ">
    <subfield code="a">nr2003034473</subfield>
  </datafield>
  <datafield tag="035" ind1=" " ind2=" ">
    <subfield code="a">(OCoLC)oca06187376</subfield>
  </datafield>
  <datafield tag="040" ind1=" " ind2=" ">
    <subfield code="a">CtY-Mus</subfield>
    <subfield code="b">eng</subfield>
    <subfield code="e">rda</subfield>
    <subfield code="c">CtY-Mus</subfield>
    <subfield code="d">DLC</subfield>
    <subfield code="d">WU</subfield>
  </datafield>
  <datafield tag="100" ind1="1" ind2=" ">
    <subfield code="a">Slonimskii, Sergeĭ Mikhaĭovich.</subfield>
    <subfield code="t">Sonatas,</subfield>
    <subfield code="m">violin, piano</subfield>
  </datafield>
  <datafield tag="382" ind1=" " ind2=" ">
    <subfield code="a">violin</subfield>
    <subfield code="a">piano</subfield>
  </datafield>
  <datafield tag="670" ind1=" " ind2=" ">
    <subfield code="a">Slonimskiǐ, S.M. Sonata dli︠a︡ skripki i fortepiano, c1999.</subfield>
  </datafield>
</record>