
<record>
  <leader>01145cz  a2200229n  4500</leader>
  <controlfield tag="001">6140081</controlfield>
  <controlfield tag="003">DLC</controlfield>
  <controlfield tag="005">20200104073245.0</controlfield>
  <controlfield tag="008">040106n| azannaabn          |a aaa     c</controlfield>
  <datafield tag="010" ind1=" " ind2=" ">
    <subfield code="a">no2004000877</subfield>
  </datafield>
  <datafield tag="035" ind1=" " ind2=" ">
    <subfield code="a">(OCoLC)oca06240292</subfield>
  </datafield>
  <datafield tag="040" ind1=" " ind2=" ">
    <subfield code="a">NBuU</subfield>
    <subfield code="b">eng</subfield>
    <subfield code="e">rda</subfield>
    <subfield code="c">NBuU</subfield>
    <subfield code="d">DLC</subfield>
    <subfield code="d">DNLM</subfield>
  </datafield>
  <datafield tag="046" ind1=" " ind2=" ">
    <subfield code="f">1886-01-16</subfield>
    <subfield code="g">1958</subfield>
    <subfield code="2">edtf</subfield>
  </datafield>
  <datafield tag="100" ind1="1" ind2=" ">
    <subfield code="a">Strode, George K.,</subfield>
    <subfield code="d">1886-1958</subfield>
  </datafield>
  <datafield tag="378" ind1=" " ind2=" ">
    <subfield code="q">George King</subfield>
  </datafield>
  <datafield tag="400" ind1="1" ind2=" ">
    <subfield code="w">nne</subfield>
    <subfield code="a">Strode, George K.,</subfield>
    <subfield code="d">1886-</subfield>
  </datafield>
  <datafield tag="400" ind1="1" ind2=" ">
    <subfield code="w">nnea</subfield>
    <subfield code="a">Strode, George K.,</subfield>
    <subfield code="d">b. 1886</subfield>
  </datafield>
  <datafield tag="670" ind1=" " ind2=" ">
    <subfield code="a">Yellow fever, 1951:</subfield>
    <subfield code="b">t.p. (George K. Strode, M.D.)</subfield>
  </datafield>
  <datafield tag="670" ind1=" " ind2=" ">
    <subfield code="a">OCLC, Jan. 6, 2004</subfield>
    <subfield code="b">(hdg.: Strode, George K., 1886- ; Strode, George King, 1886- ; usage: George K. Strode)</subfield>
  </datafield>
  <datafield tag="670" ind1=" " ind2=" ">
    <subfield code="a">NLM files, December 20, 2019</subfield>
    <subfield code="b">(access point: Strode, George King, 1886-; usage: George K. Strode)</subfield>
  </datafield>
  <datafield tag="670" ind1=" " ind2=" ">
    <subfield code="a">League of Nations Photo archive, December 20, 2019</subfield>
    <subfield code="b">(Strode, George King; b. 1886; d. 1958)</subfield>
    <subfield code="u">http://www.indiana.edu/%7Eleague/americans.htm</subfield>
  </datafield>
  <datafield tag="670" ind1=" " ind2=" ">
    <subfield code="a">General alumni catalogue of the University of Pennsylvania, 1922:</subfield>
    <subfield code="b">p. 658 (George King Strode; b. Jan. 16, 1886, M.D.; asst. dir. in Brazil for International Health Board of the Rockefeller Foundation)</subfield>
  </datafield>
</record>