
<record>
  <leader>01361cz  a2200289n  4500</leader>
  <controlfield tag="001">6141357</controlfield>
  <controlfield tag="003">DLC</controlfield>
  <controlfield tag="005">20200104073245.0</controlfield>
  <controlfield tag="008">040107n| azannaabn          |b aaa     c</controlfield>
  <datafield tag="010" ind1=" " ind2=" ">
    <subfield code="a">no2004001358</subfield>
  </datafield>
  <datafield tag="035" ind1=" " ind2=" ">
    <subfield code="a">(OCoLC)oca06241136</subfield>
  </datafield>
  <datafield tag="040" ind1=" " ind2=" ">
    <subfield code="a">HkUST</subfield>
    <subfield code="b">eng</subfield>
    <subfield code="e">rda</subfield>
    <subfield code="c">HkUST</subfield>
    <subfield code="d">OCoLC</subfield>
    <subfield code="d">DLC</subfield>
    <subfield code="d">MH</subfield>
  </datafield>
  <datafield tag="046" ind1=" " ind2=" ">
    <subfield code="g">1542</subfield>
  </datafield>
  <datafield tag="100" ind1="1" ind2=" ">
    <subfield code="a">Tong, Chengxu,</subfield>
    <subfield code="d">-1542</subfield>
  </datafield>
  <datafield tag="400" ind1="1" ind2=" ">
    <subfield code="w">nnea</subfield>
    <subfield code="a">Tong, Chengxu,</subfield>
    <subfield code="d">d. 1542</subfield>
  </datafield>
  <datafield tag="400" ind1="1" ind2=" ">
    <subfield code="a">Tong, Hanchen,</subfield>
    <subfield code="d">-1542</subfield>
  </datafield>
  <datafield tag="400" ind1="1" ind2=" ">
    <subfield code="a">Tong, Neifang,</subfield>
    <subfield code="d">-1542</subfield>
  </datafield>
  <datafield tag="400" ind1="1" ind2=" ">
    <subfield code="a">Tong, Shichou,</subfield>
    <subfield code="d">-1542</subfield>
  </datafield>
  <datafield tag="400" ind1="1" ind2=" ">
    <subfield code="a">童承叙,</subfield>
    <subfield code="d">-1542</subfield>
  </datafield>
  <datafield tag="400" ind1="1" ind2=" ">
    <subfield code="a">童承敘,</subfield>
    <subfield code="d">-1542</subfield>
  </datafield>
  <datafield tag="667" ind1=" " ind2=" ">
    <subfield code="a">Machine-derived non-Latin script reference project.</subfield>
  </datafield>
  <datafield tag="667" ind1=" " ind2=" ">
    <subfield code="a">Non-Latin script references not evaluated.</subfield>
  </datafield>
  <datafield tag="667" ind1=" " ind2=" ">
    <subfield code="a">Non-Latin script references reviewed in NACO CJK Funnel References Project.</subfield>
  </datafield>
  <datafield tag="670" ind1=" " ind2=" ">
    <subfield code="a">Ping Han lu [in Xu xiu Si ku quan shu, v. 432], 2002:</subfield>
    <subfield code="b">t.p. (Tong Chengxu)</subfield>
  </datafield>
  <datafield tag="670" ind1=" " ind2=" ">
    <subfield code="a">Zhongguo li dai ren ming da ci dian, 1999:</subfield>
    <subfield code="b">v. 2, p. 2345 (Tong Chengxu; ?-1542; native of Huguang Mianyang; zi: Hanchen, Shichou; authored Ping Han lu, Mianyang zhou zhi, Neifang ji)</subfield>
  </datafield>
  <datafield tag="670" ind1=" " ind2=" ">
    <subfield code="a">Ming ren zhuan ji zi liao suo yin, 1978:</subfield>
    <subfield code="b">p. 630 (Tong Chengxu; zi: Hanchen, Shichou; hao: Neifang; native of Mianyang; Zhengde 16 nian jin shi)</subfield>
  </datafield>
  <datafield tag="670" ind1=" " ind2=" ">
    <subfield code="a">OCLC #41595667, December 23, 2019</subfield>
    <subfield code="b">(access point: 童承叙, -1542 = Tong, Chengxu, -1542; usage: 童承叙 = Tong Chengxu)</subfield>
  </datafield>
</record>