
<record>
  <leader>01016cz  a2200241n  4500</leader>
  <controlfield tag="001">6144030</controlfield>
  <controlfield tag="003">DLC</controlfield>
  <controlfield tag="005">20200104073246.0</controlfield>
  <controlfield tag="008">040112n| azannaabn          |b aaa      </controlfield>
  <datafield tag="010" ind1=" " ind2=" ">
    <subfield code="a">n 2003062934</subfield>
  </datafield>
  <datafield tag="035" ind1=" " ind2=" ">
    <subfield code="a">(OCoLC)oca06246062</subfield>
  </datafield>
  <datafield tag="040" ind1=" " ind2=" ">
    <subfield code="a">DLC</subfield>
    <subfield code="b">eng</subfield>
    <subfield code="e">rda</subfield>
    <subfield code="c">DLC</subfield>
    <subfield code="d">OCoLC</subfield>
    <subfield code="d">DLC</subfield>
    <subfield code="d">CaLaUCEA</subfield>
  </datafield>
  <datafield tag="046" ind1=" " ind2=" ">
    <subfield code="f">1964</subfield>
  </datafield>
  <datafield tag="100" ind1="1" ind2=" ">
    <subfield code="a">Ōta, Tatsuya</subfield>
  </datafield>
  <datafield tag="400" ind1="1" ind2=" ">
    <subfield code="a">太田達也</subfield>
  </datafield>
  <datafield tag="667" ind1=" " ind2=" ">
    <subfield code="a">Machine-derived non-Latin script reference project.</subfield>
  </datafield>
  <datafield tag="667" ind1=" " ind2=" ">
    <subfield code="a">Non-Latin script references not evaluated.</subfield>
  </datafield>
  <datafield tag="667" ind1=" " ind2=" ">
    <subfield code="a">Non-Latin script reference reviewed in NACO CJK Funnel References Project.</subfield>
  </datafield>
  <datafield tag="670" ind1=" " ind2=" ">
    <subfield code="a">Victims and criminal justice, 2003:</subfield>
    <subfield code="b">t.p. (Tatsuya Ota) p. 311 (asst. prof., Faculty of Law, Keio University)</subfield>
  </datafield>
  <datafield tag="670" ind1=" " ind2=" ">
    <subfield code="a">Shokuinroku, 2001</subfield>
    <subfield code="b">(Ōta Tatsuya; asst. prof., Keiō Daigaku Hōgakubu Hōritsu Gakka)</subfield>
  </datafield>
  <datafield tag="670" ind1=" " ind2=" ">
    <subfield code="a">Web NDL Authorities home page, viewed on Dec 4, 2014</subfield>
    <subfield code="b">(太田達也 = Ōta, Tatsuya; b. 1964)</subfield>
  </datafield>
  <datafield tag="670" ind1=" " ind2=" ">
    <subfield code="a">OCLC #53035770, January 3, 2020</subfield>
    <subfield code="b">(usage: 太田達也 = Ōta Tatsuya)</subfield>
  </datafield>
  <datafield tag="953" ind1=" " ind2=" ">
    <subfield code="a">yg05</subfield>
  </datafield>
</record>