
<record>
  <leader>00999cz  a2200217n  4500</leader>
  <controlfield tag="001">6148174</controlfield>
  <controlfield tag="003">DLC</controlfield>
  <controlfield tag="005">20200104073246.0</controlfield>
  <controlfield tag="008">040115n| azannaabn          |b aaa     c</controlfield>
  <datafield tag="010" ind1=" " ind2=" ">
    <subfield code="a">no2004004003</subfield>
  </datafield>
  <datafield tag="035" ind1=" " ind2=" ">
    <subfield code="a">(OCoLC)oca06248172</subfield>
  </datafield>
  <datafield tag="040" ind1=" " ind2=" ">
    <subfield code="a">HkUST</subfield>
    <subfield code="b">eng</subfield>
    <subfield code="e">rda</subfield>
    <subfield code="c">HkUST</subfield>
    <subfield code="d">OCoLC</subfield>
    <subfield code="d">DLC</subfield>
    <subfield code="d">MH</subfield>
  </datafield>
  <datafield tag="046" ind1=" " ind2=" ">
    <subfield code="f">1956</subfield>
  </datafield>
  <datafield tag="100" ind1="1" ind2=" ">
    <subfield code="a">Tang, Daixing,</subfield>
    <subfield code="d">1956-</subfield>
  </datafield>
  <datafield tag="400" ind1="1" ind2=" ">
    <subfield code="a">唐代兴,</subfield>
    <subfield code="d">1956-</subfield>
  </datafield>
  <datafield tag="400" ind1="1" ind2=" ">
    <subfield code="a">唐代興,</subfield>
    <subfield code="d">1956-</subfield>
  </datafield>
  <datafield tag="667" ind1=" " ind2=" ">
    <subfield code="a">Machine-derived non-Latin script reference project.</subfield>
  </datafield>
  <datafield tag="667" ind1=" " ind2=" ">
    <subfield code="a">Non-Latin script references not evaluated.</subfield>
  </datafield>
  <datafield tag="667" ind1=" " ind2=" ">
    <subfield code="a">Non-Latin script references reviewed in NACO CJK Funnel References Project.</subfield>
  </datafield>
  <datafield tag="670" ind1=" " ind2=" ">
    <subfield code="a">Gong zheng lun li yu zhi du dao de, 2002:</subfield>
    <subfield code="b">t.p. (Tang Daixing) front flap (male; b. 1956; prof., Sichuan shi fan da xue wen xue yuan; authored Zuo jia zhe xue lun; Ren lei shu xie lun; Yu yi chang dao lun; Sheng cun de zhi hui, etc.)</subfield>
  </datafield>
  <datafield tag="670" ind1=" " ind2=" ">
    <subfield code="a">OCLC #54027802, November 18, 2019</subfield>
    <subfield code="b">(access point: 唐代兴, 1956- = Tang, Daixing, 1956-; usage: 唐代兴 = Tang Daixing)</subfield>
  </datafield>
</record>