
<record>
  <leader>00836cz  a2200229n  4500</leader>
  <controlfield tag="001">6150723</controlfield>
  <controlfield tag="003">DLC</controlfield>
  <controlfield tag="005">20200104073246.0</controlfield>
  <controlfield tag="008">040120n| azannaabn          |b aaa     c</controlfield>
  <datafield tag="010" ind1=" " ind2=" ">
    <subfield code="a">no2004004963</subfield>
  </datafield>
  <datafield tag="035" ind1=" " ind2=" ">
    <subfield code="a">(OCoLC)oca06251259</subfield>
  </datafield>
  <datafield tag="040" ind1=" " ind2=" ">
    <subfield code="a">InNd</subfield>
    <subfield code="b">eng</subfield>
    <subfield code="e">rda</subfield>
    <subfield code="c">InNd</subfield>
    <subfield code="d">WaU</subfield>
    <subfield code="d">WU</subfield>
  </datafield>
  <datafield tag="100" ind1="1" ind2=" ">
    <subfield code="a">Kachanov, Roman</subfield>
  </datafield>
  <datafield tag="375" ind1=" " ind2=" ">
    <subfield code="a">Males</subfield>
    <subfield code="2">lcdgt</subfield>
  </datafield>
  <datafield tag="377" ind1=" " ind2=" ">
    <subfield code="a">rus</subfield>
  </datafield>
  <datafield tag="400" ind1="1" ind2=" ">
    <subfield code="a">Качанов, Роман</subfield>
  </datafield>
  <datafield tag="400" ind1="1" ind2=" ">
    <subfield code="a">Kachanov, R.</subfield>
    <subfield code="q">(Roman)</subfield>
  </datafield>
  <datafield tag="400" ind1="1" ind2=" ">
    <subfield code="a">Качанов, Р.</subfield>
    <subfield code="q">(Роман)</subfield>
  </datafield>
  <datafield tag="667" ind1=" " ind2=" ">
    <subfield code="a">Non-Latin references not evaluated.</subfield>
  </datafield>
  <datafield tag="670" ind1=" " ind2=" ">
    <subfield code="a">DMB, c2000:</subfield>
    <subfield code="b">credits (Roman Kachanov)</subfield>
  </datafield>
  <datafield tag="670" ind1=" " ind2=" ">
    <subfield code="a">OCLC, 1/20/2004</subfield>
    <subfield code="b">(hdg.: Kachanov, Roman; usage: Roman Kachanov; R. Kachanov)</subfield>
  </datafield>
  <datafield tag="670" ind1=" " ind2=" ">
    <subfield code="a">38 popugaev, 2007:</subfield>
    <subfield code="b">extras (Роман Абелевич Качанов = Roman Abelevich Kachanov, 1921-1993) container (Р. Качанов = R. Kachanov)</subfield>
  </datafield>
</record>