
<record>
  <leader>01821cz  a2200265n  4500</leader>
  <controlfield tag="001">6172651</controlfield>
  <controlfield tag="003">DLC</controlfield>
  <controlfield tag="005">20200104073247.0</controlfield>
  <controlfield tag="008">040217n| azannaabn          |n aaa      </controlfield>
  <datafield tag="010" ind1=" " ind2=" ">
    <subfield code="a">n 2004065586</subfield>
  </datafield>
  <datafield tag="035" ind1=" " ind2=" ">
    <subfield code="a">(OCoLC)oca06275127</subfield>
  </datafield>
  <datafield tag="040" ind1=" " ind2=" ">
    <subfield code="a">DLC</subfield>
    <subfield code="b">eng</subfield>
    <subfield code="e">rda</subfield>
    <subfield code="c">DLC</subfield>
    <subfield code="d">UPB-Mu</subfield>
  </datafield>
  <datafield tag="046" ind1=" " ind2=" ">
    <subfield code="f">1942-01-01</subfield>
    <subfield code="2">edtf</subfield>
  </datafield>
  <datafield tag="100" ind1="1" ind2=" ">
    <subfield code="a">Carson, Lynn R.</subfield>
  </datafield>
  <datafield tag="368" ind1=" " ind2=" ">
    <subfield code="c">Americans</subfield>
    <subfield code="2">lcdgt</subfield>
  </datafield>
  <datafield tag="370" ind1=" " ind2=" ">
    <subfield code="a">Salt Lake City (Utah)</subfield>
    <subfield code="e">Salt Lake City (Utah)</subfield>
    <subfield code="2">naf</subfield>
  </datafield>
  <datafield tag="372" ind1=" " ind2=" ">
    <subfield code="a">Composition (Music)</subfield>
    <subfield code="a">Genealogy</subfield>
    <subfield code="a">History</subfield>
    <subfield code="a">Shape-note singing</subfield>
    <subfield code="2">lcsh</subfield>
  </datafield>
  <datafield tag="373" ind1=" " ind2=" ">
    <subfield code="a">Church of Jesus Christ of Latter-day Saints.  Family History Library</subfield>
    <subfield code="2">naf</subfield>
  </datafield>
  <datafield tag="374" ind1=" " ind2=" ">
    <subfield code="a">Composers</subfield>
    <subfield code="a">Genealogists</subfield>
    <subfield code="2">lcdgt</subfield>
  </datafield>
  <datafield tag="375" ind1=" " ind2=" ">
    <subfield code="a">Males</subfield>
    <subfield code="2">lcdgt</subfield>
  </datafield>
  <datafield tag="378" ind1=" " ind2=" ">
    <subfield code="q">Lynn Richard</subfield>
  </datafield>
  <datafield tag="670" ind1=" " ind2=" ">
    <subfield code="a">Carson, Lynn R. Sabbath day, c1998:</subfield>
    <subfield code="b">caption (Lynn R. Carson)</subfield>
  </datafield>
  <datafield tag="670" ind1=" " ind2=" ">
    <subfield code="a">BYU Book Collecting Conference program 2014, via www, 3 January 2020</subfield>
    <subfield code="b">(Lynn Richard Carson was born in Salt Lake City in 1942. Lynn&apos;s interests include musical practice in the L.D.S. faith, 1830 through 1900.  He and his wife Pamela are avid Sacred Harp singers and host a shape note singing in Utah in their home on the fourth Tuesday of each month)</subfield>
  </datafield>
  <datafield tag="670" ind1=" " ind2=" ">
    <subfield code="a">peoplepill.com, viewed 3 January 2020</subfield>
    <subfield code="b">(Lynn R. Carson, born 1 January 1942, is a Latter-day Saint composer and hymnwriter. He also served for several years as the director of Asian, Indian and Middle-Eastern genealogical record-gathering and oral family history projects for the Family History Library of The Church of Jesus Christ of Latter-day Saints.Carson served as a missionary for the church in Austria.The music to the hymns &quot;In Fasting We Approach Thee&quot; and &quot;Sabbath Day&quot; (number 139 and 148 in the 1985 English-language LDS Hymnbook) is by Carson.Carson also wrote the book The Tintic War and the Deaths of George and Washington Carson)</subfield>
  </datafield>
  <datafield tag="953" ind1=" " ind2=" ">
    <subfield code="a">vn79</subfield>
  </datafield>
</record>