
<record>
  <leader>00825cz  a2200193n  4500</leader>
  <controlfield tag="001">6184288</controlfield>
  <controlfield tag="003">DLC</controlfield>
  <controlfield tag="005">20200104073248.0</controlfield>
  <controlfield tag="008">040301n| azannaabn          |a aaa      </controlfield>
  <datafield tag="010" ind1=" " ind2=" ">
    <subfield code="a">n 2004069206</subfield>
  </datafield>
  <datafield tag="035" ind1=" " ind2=" ">
    <subfield code="a">(OCoLC)oca06286029</subfield>
  </datafield>
  <datafield tag="040" ind1=" " ind2=" ">
    <subfield code="a">DLC</subfield>
    <subfield code="b">eng</subfield>
    <subfield code="e">rda</subfield>
    <subfield code="c">DLC</subfield>
    <subfield code="d">OCoLC</subfield>
    <subfield code="d">DLC</subfield>
    <subfield code="d">PPi-MA</subfield>
  </datafield>
  <datafield tag="100" ind1="1" ind2=" ">
    <subfield code="a">Witt, Friedrich,</subfield>
    <subfield code="d">1770-1836.</subfield>
    <subfield code="t">Partitas,</subfield>
    <subfield code="m">flute, oboes (2), clarinets (2), horns (2), bassoons (2), violone,</subfield>
    <subfield code="r">E♭ major</subfield>
  </datafield>
  <datafield tag="380" ind1=" " ind2=" ">
    <subfield code="a">Suites</subfield>
    <subfield code="a">Chamber music</subfield>
    <subfield code="2">lcgft</subfield>
  </datafield>
  <datafield tag="382" ind1="0" ind2=" ">
    <subfield code="a">flute</subfield>
    <subfield code="n">1</subfield>
    <subfield code="a">oboe</subfield>
    <subfield code="n">2</subfield>
    <subfield code="a">clarinet</subfield>
    <subfield code="n">2</subfield>
    <subfield code="a">horn</subfield>
    <subfield code="n">2</subfield>
    <subfield code="a">bassoon</subfield>
    <subfield code="n">2</subfield>
    <subfield code="a">violone</subfield>
    <subfield code="n">1</subfield>
    <subfield code="s">10</subfield>
    <subfield code="2">lcmpt</subfield>
  </datafield>
  <datafield tag="384" ind1="0" ind2=" ">
    <subfield code="a">E♭ major</subfield>
  </datafield>
  <datafield tag="400" ind1="1" ind2=" ">
    <subfield code="w">nnea</subfield>
    <subfield code="a">Witt, Friedrich,</subfield>
    <subfield code="d">1770-1836.</subfield>
    <subfield code="t">Partitas,</subfield>
    <subfield code="m">woodwinds, horns (2), violone,</subfield>
    <subfield code="r">E♭ major</subfield>
  </datafield>
  <datafield tag="670" ind1=" " ind2=" ">
    <subfield code="a">Witt, Friedrich. Parthia in Es (2⁰603) für Flöte, 2 Oboen, 2 Klarinetten, 2 Hörner, 2 Fagotte &amp; Violone, c2003.</subfield>
  </datafield>
  <datafield tag="953" ind1=" " ind2=" ">
    <subfield code="a">vn79</subfield>
  </datafield>
</record>