
<record>
  <leader>01354cz  a2200229n  4500</leader>
  <controlfield tag="001">6220669</controlfield>
  <controlfield tag="003">DLC</controlfield>
  <controlfield tag="005">20200104073249.0</controlfield>
  <controlfield tag="008">040409n| azannaabn          |b aaa      </controlfield>
  <datafield tag="010" ind1=" " ind2=" ">
    <subfield code="a">nr2004011267</subfield>
  </datafield>
  <datafield tag="035" ind1=" " ind2=" ">
    <subfield code="a">(OCoLC)oca06321471</subfield>
  </datafield>
  <datafield tag="040" ind1=" " ind2=" ">
    <subfield code="a">DLC-R</subfield>
    <subfield code="b">eng</subfield>
    <subfield code="e">rda</subfield>
    <subfield code="c">DLC-R</subfield>
    <subfield code="d">DLC-R</subfield>
    <subfield code="d">OCoLC</subfield>
    <subfield code="d">DLC</subfield>
    <subfield code="d">CaLaUCEA</subfield>
  </datafield>
  <datafield tag="046" ind1=" " ind2=" ">
    <subfield code="f">1965-11-09</subfield>
    <subfield code="2">edtf</subfield>
  </datafield>
  <datafield tag="100" ind1="1" ind2=" ">
    <subfield code="a">Chŏng, Hae-ŭn</subfield>
  </datafield>
  <datafield tag="373" ind1=" " ind2=" ">
    <subfield code="a">Korea (South). Kukpangbu. Kunsa P&apos;yŏnch&apos;an Yŏn&apos;guso</subfield>
    <subfield code="a">Han&apos;gukhak Chungang Yŏn&apos;guwŏn</subfield>
    <subfield code="2">naf</subfield>
  </datafield>
  <datafield tag="400" ind1="1" ind2=" ">
    <subfield code="a">정 해은</subfield>
  </datafield>
  <datafield tag="667" ind1=" " ind2=" ">
    <subfield code="a">Non-Latin script references not evaluated.</subfield>
  </datafield>
  <datafield tag="667" ind1=" " ind2=" ">
    <subfield code="a">Non-Latin script references reviewed in NACO CJK Funnel References Project.</subfield>
  </datafield>
  <datafield tag="670" ind1=" " ind2=" ">
    <subfield code="a">Chosŏn  hugi kukt&apos;o pangwi chŏllyak, 2002:</subfield>
    <subfield code="b">colophon (Chŏng Hae-ŭn; researcher, Kukpangbu Kunsa P&apos;yŏnch&apos;an Yŏn&apos;guso Kunsasabu; munhak paksa)</subfield>
  </datafield>
  <datafield tag="670" ind1=" " ind2=" ">
    <subfield code="a">Chosŏn ŭi yŏsŏng, 2011:</subfield>
    <subfield code="b">t.p. (정 해은 = Chŏng Hae-ŭn) ft. flap (grad., Chungang Taehakkyo; Ph.D., Han&apos;gukhak Chungang Yŏn&apos;guwŏn; researcher, Han&apos;gukhak Chungang Yŏn&apos;guwŏn)</subfield>
  </datafield>
  <datafield tag="670" ind1=" " ind2=" ">
    <subfield code="a">National Research Foundation of Korea WWW Home Page, Sep 16, 2011</subfield>
    <subfield code="b">(정 해은 = Chŏng Hae-ŭn; b. Nov. 9 1965; researcher, Kukpangbu Kunsa P&apos;yŏnch&apos;an Yŏn&apos;guso Kunsasabu, Han&apos;gukhak Chungang Yŏn&apos;guwŏn; author of Chosŏn ŭi yŏsŏng, 2011 &amp; Chosŏn  hugi kukt&apos;o pangwi chŏllyak, 2002)</subfield>
  </datafield>
  <datafield tag="953" ind1=" " ind2=" ">
    <subfield code="a">cf05</subfield>
  </datafield>
</record>
</collection>
